3425 5584
581 479 722 553 114
1472 496 1658 551 acra
1707 496 1769 551 s.
1822 493 2159 550 mooun

573 694 850 789 φωστὴρ,
890 692 1180 787 πατρίδος
1217 694 1329 784 μὲν
1364 691 1610 787 ὑπῆρχε
1642 692 1758 771 τῆς
1792 687 2215 758 Καππαδοκῶν
2252 689 2493 785 χώρας,
2527 688 2767 769 πόλεως
2793 692 3043 786 Ἄραρα-

571 807 757 887 θείας.
811 808 1005 877 Ἔνθα
1055 812 1122 877 ἐκ
1171 811 1388 900 νεαρᾶς
1435 803 1680 887 ἡλικίας
1732 807 1846 883 τὴν
1892 804 2223 898 μοναδικὴν
2266 803 2583 874 πολιτείαν
2624 802 3035 889 ἐξεπαιὸεύθη.

567 921 802 993 Ἐλθὼν
833 922 902 991 δὲ
938 926 1001 992 ἐν
1035 918 1482 1015 Ἱεροσολύμοις
1533 926 1621 1010 τῷ
1663 921 1929 1011 πέμπτῳ
1980 920 2100 988 ἔτει
2131 924 2244 1002 τῆς
2294 920 2641 1013 Μαρκιανοῦ
2696 920 3038 1012 βασιλείας,

568 1040 670 1106 καὶ
707 1037 896 1132 εὑρὼν
929 1038 1070 1116 τοὺς
1100 1039 1485 1133 ἀποσχίστας
1502 1038 1634 1109 ,τῶν
1669 1038 1825 1101 κατὰ
1858 1038 1973 1117 τὴν
2008 1037 2190 1130 ἁγίαν
2218 1034 2402 1103 πόλιν
2438 1038 2803 1129 κρατοῦντας
2858 1064 3045 1130 μονα-

568 1157 861 1248 στηρίων,
902 1155 1005 1221 καὶ
1043 1156 1134 1246 μὴ
1171 1151 1491 1243 βουληθεὶς
1541 1157 1618 1249 τῇ
1665 1152 1909 1220 ἐκείνων
1956 1149 2311 1246 ὑπαχθῆναι
2356 1149 2566 1247 ἀλόγῳ
2618 1137 2894 1222 ἐντι-ἐάσει
2943 1156 3049 1223 καὶ
3079 1177 3114 1226 ο

566 1267 966 1365 φιλοταράχῳ
999 1269 1250 1365 γνώμῃ,
1292 1266 1597 1350 ἐκολλήθη
1621 1268 1869 1363 γυναικὶ
1901 1268 2023 1335 τινὶ
2068 1268 2327 1359 ἐναρέτῳ
2401 1265 2616 1355 Φλαΐᾳ
2664 1272 2773 1360 μὲν
2820 1267 3063 1371 καλου-Ι

571 1388 753 1481 μένῃ,
794 1387 912 1453 ὑπὸ
939 1384 1284 1475 πνεύματος
1315 1382 1380 1451 δὲ
1407 1384 1585 1479 ἁγίου
1621 1380 2071 1478 φρουρουμίνῃ,
2096 1382 2389 1479 κτιζούσῃ
2424 1384 2494 1451 τὸ
2528 1388 2864 1471 τηνικαῦτα
2902 1386 3045 1479 περὶ

569 1503 637 1570 τὸ
699 1499 836 1595 ὅρος
887 1502 1010 1568 τῶν
1053 1498 1316 1567 Ἐλαιῶν
1370 1498 1779 1593 μοναστήριον
1834 1500 1938 1565 καὶ
1990 1496 2321 1579 ἐκκλησίαν
2354 1500 2467 1566 τοῦ
2505 1502 2684 1595 ἁγίου
2738 1503 3045 1596 μάρτυρος

571 1807 854 1890 patriam
877 1807 1108 1874 habuit
1128 1808 1638 1892 Cappadociam,
1663 1826 1700 1872 e
1730 1808 1993 1873 civitate
2024 1807 2374 1873 Ararathia
2396 1809 2487 1889 (1)
2516 1808 2851 1874 oriundus.
2878 1809 2973 1877 Ibi
3000 1830 3044 1876 a

572 1907 788 1989 prima
808 1906 1172 1989 juventute
1203 1907 1638 1973 monasticam
1668 1906 2082 1989 disciplinam
2116 1905 2385 1972 edoctus
2416 1911 2537 1973 est.
2567 1907 2733 1973 Cum
2760 1908 3047 1975 venisset

568 2006 1056 2088 Hierosolymas
1107 2008 1336 2090 quinto
1387 2025 1562 2071 anno
1592 2004 1773 2087 regni
1804 2004 2115 2069 Marciani
2148 2006 2261 2089 (2),
2292 2010 2357 2071 et
2384 2006 2739 2071 invenisset
2768 2008 2853 2072 ab
2882 2026 3044 2091 apo-

569 2104 829 2170 schistis
861 2104 952 2187 (3)
983 2104 1383 2169 monasteria
1412 2104 1479 2168 in
1508 2108 1739 2169 sancta
1766 2102 2026 2169 civitate
2054 2104 2180 2168 sita
2209 2105 2532 2188 occupari,
2566 2103 2796 2170 nolens
2818 2125 3045 2173 eorum

574 2202 778 2269 subici
800 2202 1040 2268 stultae
1068 2204 1465 2285 pertinaciae
1496 2206 1560 2267 et
1589 2201 2007 2267 turbulentae
2051 2194 2435 2282 sententiae,
2466 2204 2767 2269 adhaesit
2794 2205 3047 2271 mulieri

572 2302 834 2368 cuidam
874 2321 1152 2384 magnae
1188 2302 1462 2380 virtutis,
1494 2301 1756 2366 Flaviae
1786 2302 2067 2379 nomine,
2120 2321 2294 2385 quae
2342 2304 2669 2368 custodita
2712 2324 2753 2369 a
2800 2304 3047 2387 Spiritu

577 2406 807 2466 sancto
829 2394 1212 2465 condiderat
1231 2400 1723 2475 monasterium,
1755 2400 1931 2483 quod
1954 2404 2110 2466 tunc
2135 2404 2277 2466 erat
2305 2401 2482 2485 apud
2512 2406 2807 2468 montem
2828 2402 3048 2470 Oliva-

571 2519 719 2565 rum
750 2500 863 2583 (4),
892 2504 957 2565 et
987 2499 1329 2565 ecclesiam
1365 2500 1577 2574 sancti
1602 2498 1841 2565 Juliani
1880 2500 1995 2583 (5).
2036 2498 2221 2577 Quae
2264 2519 2415 2565 cum
2456 2502 2853 2585 suscepisset
2892 2522 3047 2569 eum

565 2716 624 2768 in
649 2715 708 2768 P.
746 2716 828 2777 G..
850 2718 987 2769 tom.
1006 2713 1164 2780 CXX,
1185 2730 1241 2784 p.
1273 2714 1410 2781 264),
1427 2714 1585 2781 juxta
1608 2714 1789 2783 ripam
1824 2713 2085 2769 torrentis
2104 2713 2318 2769 Cedron
2342 2714 2577 2784 (Saulcy,
2610 2716 2817 2784 Voyayo
2843 2725 3049 2773 auteur

571 2800 637 2852 de
673 2798 731 2851 la
751 2814 869 2850 mer
892 2798 1081 2859 Morte,
1121 2802 1255 2851 tom.
1281 2798 1322 2861 Ι,
1361 2813 1413 2866 p.
1450 2797 1583 2864 144).
1607 2824 1670 2837 -
1694 2796 1714 2860 ί
1722 2798 1773 2862 1)
1806 2796 2017 2851 Forsan
2056 2798 2384 2860 Ararathr'a,
2408 2813 2473 2851 ac
2513 2797 2673 2867 proin
2698 2800 3047 2865 Ariarathia,

563 2895 708 2949 quae
743 2878 942 2947 legitur
967 2880 1026 2934 in
1055 2879 1341 2934 itinerario
1383 2879 1649 2935 Antonini
1689 2878 2035 2949 (Wesseling,
2068 2880 2259 2934 Vetera
2302 2880 2677 2935 Romanorum
2718 2882 3043 2945 Itineran‘a,

561 2980 613 3033 p.
645 2961 778 3027 181).
799 2962 957 3016 Hauc
982 2962 1177 3016 urbem
1203 2962 1335 3017 dicit
1351 2962 1654 3030 wesseling
1677 2963 1849 3017 fuisse
1868 2964 2079 3032 regiam
2102 2961 2385 3017 civitatem
2409 2978 2598 3032 regum
2626 2962 3047 3033 Cappadocum;

563 3049 815 3113 tempore
831 3060 936 3098 suo
956 3059 1069 3098 non
1094 3043 1250 3098 novit
1273 3044 1664 3099 Constantinus
1681 3044 2167 3113 Porphyrogeneta
2188 3042 2295 3097 nisi
2319 3045 2503 3098 lacum
2538 3046 2784 3113 eiusdem
2808 3046 3047 3101 nominis

562 3129 655 3191 (P.
676 3126 760 3191 G„
783 3132 918 3179 torn.
943 3125 1102 3191 CXV,
1119 3143 1172 3196 p.
1200 3127 1298 3191 75).
1331 3126 1396 3181 In
1420 3126 1636 3181 duobus
1659 3126 1941 3180 codicibus
1964 3126 2285 3190 Ptolemaei,
2311 3142 2511 3195 nempe
2536 3127 2789 3182 Palatino
2815 3132 2871 3182 et
2894 3127 3045 3183 Cois·

564 3212 790 3276 linian0,
825 3210 1023 3280 legitur
1045 3201 1392 3281 Ἀριαράθιρα
1433 3210 1538 3282 (ed.
1584 3209 1835 3273 Ptolem.,
1873 3226 1905 3263 a
1947 3210 2190 3263 Gerardo
2237 3209 2555 3275 Mercatore,
2598 3211 2863 3281 Coloniae
2901 3211 3049 3275 1584,

563 3313 616 3366 p.
660 3295 760 3361 62³).
796 3294 1029 3348 Sanctus
1069 3292 1435 3358 Theodosius,
1467 3298 1524 3347 et
1563 3294 1680 3363 ipse
1723 3293 2037 3363 Cappadox,
2084 3292 2260 3347 fertur
2302 3298 2469 3348 natus
2520 3294 2579 3347 in
2624 3293 2847 3350 civitate
2891 3296 3051 3363 cujus

565 3395 773 3433 nomen
803 3376 1115 3432 inscribitur
1133 3367 1468 3446 Μογαρισσός
1501 3377 1589 3432 vel
1622 3369 2005 3448 Μογαριασσός
2038 3376 2288 3442 (Usener,
2312 3378 2429 3432 Der
2455 3380 2509 3444 ¹¹.-
2542 3378 2875 3445 neodoesos,
2912 3396 2967 3449 p.
2996 3381 3049 3447 6,

569 3462 698 3527 116).
717 3460 840 3514 Jam
860 3475 992 3514 vero
1028 3457 1264 3512 coniciat
1286 3457 1484 3527 aliquis
1509 3459 1743 3513 eandem
1768 3474 1888 3513 esse
1906 3458 2051 3513 hanc
2082 3458 2276 3512 urbem
2304 3474 2429 3513 cum
2456 3460 2755 3527 Meyalosso
2788 3460 3045 3523 (Ptolem.

563 3544 648 3599 ed.
679 3543 785 3607 cit„
811 3560 865 3611 p.
888 3542 989 3603 633
1033 3541 1128 3595 cfr.
1170 3540 1227 3594 in
1252 3540 1447 3595 eodem
1480 3557 1644 3610 opere
1669 3542 1831 3595 Asiae
1866 3540 2111 3595 tabulam
2154 3540 2429 3610 primam).
2466 3540 2772 3605 Praeterea,
2816 3542 3049 3612 Cyrinus

561 3627 618 3681 in
655 3626 782 3679 Vita
805 3622 980 3679 sancti
1007 3622 1308 3678 Theodosii
1331 3624 1444 3692 (op.
1463 3624 1566 3686 eit„
1589 3640 1642 3693 p.
1667 3624 1782 3687 105)
1806 3622 1974 3677 situm
2011 3621 2161 3676 urbis
2184 3622 2240 3675 in
2266 3638 2375 3691 quo
2404 3628 2567 3677 natus
2593 3628 2677 3678 est
2698 3624 3049 3681 Theodosius

564 3710 642 3765 ita
673 3707 970 3765 describit:
1011 3701 1118 3758 ὑπὸ
1144 3701 1238 3775 μὲν
1266 3703 1361 3768 τὴν
1391 3696 1700 3778 Καισαρέων
1729 3700 1884 3756 πόλιν
1920 3697 2197 3774 τελούσης,
2220 3698 2286 3755 οὖ
2321 3702 2532 3777 μακρὰν
2567 3697 2623 3756 δὲ
2658 3709 2755 3769 τῆς
2778 3700 3047 3777 Κομανῶν

561 3785 775 3851 πόλεως
809 3795 907 3855 τῆς
937 3782 1234 3862 λεγομένης
1268 3791 1471 3861 χρυσῆς
1510 3780 1861 3857 διακειμένης.
1912 3788 2067 3855 Quae
2099 3789 2351 3858 apprime
2392 3790 2727 3846 concordant
2768 3809 2896 3848 cum
2936 3793 3047 3849 situ
3162 3810 3168 3817 ·

565 3878 872 3943 Meyalosse‘,
911 3874 1008 3943 qui
1045 3873 1216 3927 etiam
1240 3870 1394 3925 vicus
1417 3869 1568 3924 haud
1589 3870 1751 3939 longe
1774 3870 1933 3927 abest
1953 3873 2025 3927 ab
2054 3874 2386 3928 Ariarathia.
2414 3873 2589 3929 Vicini
2625 3868 2787 3944 proin
2810 3882 2969 3933 erant
2988 3879 3049 3934 in

561 3974 664 4012 sua
686 3958 862 4025 patria
887 3956 1066 4011 sancti
1088 3953 1406 4023 Theognius
1427 3957 1485 4006 et
1503 3952 1868 4019 Theodosius,
1889 3960 2081 4023 postea
2100 3956 2156 4009 in
2185 3955 2501 4011 Palaestina
2526 3957 2727 4011 iterum
2752 3960 3048 4028 coniuncti.

561 4068 626 4078 —
644 4039 720 4107 (9)
741 4040 847 4095 Cfr.
885 4040 941 4093 in
979 4037 1328 4108 praecedenti
1347 4038 1601 4091 encomio
1624 4040 1813 4091 notam
1840 4039 1911 4093 de
1931 4039 2118 4094 Flavia
2142 4056 2292 4094 num.
2317 4042 2369 4095 5.
2386 4068 2451 4081 -
2478 4042 2553 4107 (3)
2583 4040 2673 4096 Gr.
2696 4036 3046 4117 ἇποσχιστάς.

561 4122 680 4177 Vox
721 4122 928 4191 Cyrillo
971 4120 1192 4190 propria
1237 4119 1400 4173 valde
1432 4122 1496 4173 ut
1534 4118 1781 4185 designet
1815 4120 2124 4177 haereticos
2170 4128 2226 4176 et
2278 4122 2661 4177 schismaticos
2723 4126 3048 4183 monachos.

561 4205 692 4268 (Cfr.
718 4204 899 4259 Vitam
924 4202 1247 4269 Theodosii,
1285 4201 1370 4255 ed.
1399 4200 1617 4265 Usener,
1657 4218 1704 4269 p.
1725 4202 1861 4265 57,1.
1882 4203 1972 4257 10:
1994 4204 2127 4259 59.1.
2152 4206 2250 4267 193
2276 4205 2357 4270 69,
2372 4205 2409 4259 1.
2432 4204 2518 4264 14:
2546 4205 2728 4260 Vitam
2748 4208 3049 4276 Euthymit

561 4287 708 4356 apud
737 4284 928 4350 Cotel.‚
947 4285 1089 4339 Eccl.
1107 4302 1210 4353 qr..
1247 4301 1500 4347 monum„
1523 4287 1657 4338 tom.
1681 4283 1746 4347 11,
1765 4300 1817 4353 p.
1836 4286 1918 4347 63,
1940 4285 2023 4349 86,
2038 4286 2108 4341 88
2130 4309 2145 4348 ;
2171 4287 2350 4342 Vitam
2388 4287 2583 4349 Sabae,
2610 4290 2755 4354 ibid„
2796 4295 2931 4345 tom.
2954 4290 3049 4358 m,

560 4387 611 4440 p.
637 4368 781 4433 306.)
811 4367 1088 4422 Alinditur
1112 4367 1180 4443 ‘in
1200 4366 1473 4435 praesenti
1493 4366 1614 4421 loco
1639 4366 1708 4419 ad
1742 4366 1983 4421 schisma
2017 4369 2167 4436 impii
2192 4369 2492 4423 Theodosii
2517 4371 2833 4427 rebellantis
2856 4378 3049 4429 contra

560 4451 906 4517 sus-enatem,
949 4450 1272 4519 episcopum
1309 4448 1889 4514 Hierosolymitanum,
1915 4465 2135 4519 operam
2169 4452 2469 4519 praebente
2496 4453 2753 4509 Eudocia.
2794 4456 3051 4511 Schisma

562 4533 695 4589 illud
736 4532 888 4602 quod
929 4548 1077 4587 anuo
1119 4533 1216 4585 451
1252 4546 1510 4585 exorsum
1547 4536 1630 4585 est
1669 4530 1861 4600 viginti
1897 4548 2073 4587 annos
2106 4534 2437 4602 perduravit.
2486 4534 2695 4590 videsis
2720 4537 2939 4605 coutet,
2960 4540 3049 4593 La

567 4618 834 4673 Palesh‘ne
871 4632 1002 4670 sous
1037 4616 1112 4669 les
1137 4631 1444 4683 emper-curs
1473 4630 1644 4681 qrecs,
1685 4630 1738 4682 p.
1784 4614 1895 4678 121,
1933 4614 2045 4668 122.
2080 4644 2144 4653 —
2177 4614 2249 4681 (4)
2292 4616 2653 4677 Ciu-„Paulum
2692 4621 3049 4687 monachum,

560 4714 715 4756 num.
737 4700 805 4759 52
827 4697 922 4767 qui
943 4697 1117 4767 magis
1135 4696 1466 4750 determinat
1482 4696 1647 4749 sitnm
1670 4696 1836 4764 huius
1854 4696 2106 4751 coenobii
2132 4700 2190 4751 in
2211 4701 2321 4752 loeo
2346 4704 2443 4768 qm·
2458 4702 2663 4753 dicitur
2688 4703 3051 4761 Gethsemam'.

558 4806 622 4821 -
645 4780 718 4845 (5)
752 4778 835 4833 De
855 4792 1102 4847 quonam
1119 4778 1309 4830 sancto
1326 4774 1545 4829 Juliano
1570 4780 1763 4843 agatur
1783 4792 1896 4829 non
1916 4774 2073 4829 facile
2093 4778 2174 4829 est
2196 4776 2521 4833 discernere.
2539 4778 2746 4835 Forsan
2767 4783 2835 4836 de
2852 4790 3048 4841 sancto

559 4861 782 4918 Iuliano
825 4859 1136 4915 Brit-aiensi
1159 4858 1399 4928 cogitare
1443 4857 1573 4912 licet
1607 4862 1831 4927 propter
1863 4856 2085 4912 Flaviae
2118 4859 2387 4929 originem
2423 4861 2832 4931 occidentalem,
2854 4882 2923 4921 eo
2958 4870 3051 4925 vel
