3425 5584
435 2517 508 2670 828

709 431 858 506 432
1898 449 2015 502 vm

709 663 961 737 regem
1037 647 1123 717 ut
1189 643 1568 736 quendam
1639 641 2013 733 abbatem,
2074 637 2383 715 nomine
2462 639 2945 734 Ansbertum,
3021 643 3191 738 eJ‘us

710 757 983 833 faceret
1041 779 1588 848 successorem3
1625 757 1828 850 quod
1888 761 1964 831 et
2028 753 2221 831 fecit.
2266 747 2463 832 'Post
2520 777 2909 832 excessum
2952 747 3191 852 igitur

709 873 1124 948 beatissimi
1181 873 1527 950 Audoeni
1591 870 1939 966 episcopi,
2002 870 2251 945 visum
2306 869 2451 946 fuit
2503 871 2723 947 beato
2780 873 3189 964 Ansberto,

710 988 872 1082 ejus
914 988 943 1029 ⁸
977 990 1412 1081 successori,
1450 993 1536 1063 ut
1569 988 1996 1082 frequenter
2025 1002 2063 1054 ν
2096 985 2345 1060 virum
2377 986 2755 1081 egres-lum
2788 987 3188 1063 Sidonium

711 1107 784 1177 et
837 1110 1183 1178 sanctum
1223 1103 1672 1178 Leufredum
1726 1103 1824 1178 ad
1882 1100 2247 1200 familiare
2298 1101 2753 1195 colloquium
2809 1100 3191 1194 invitaret,
3221 1118 3248 1167 ⁸

711 1223 936 1312 atque
993 1219 1085 1294 de
1146 1217 1614 1313 acquirendis
1673 1217 1829 1293 Deo
1888 1215 2290 1293 animabus
2350 1238 2523 1292 cum
2582 1238 2672 1292 eo
2728 1217 2761 1258 ⁴
2808 1222 3190 1295 tractaret.

709 1333 925 1409 Unde
983 1332 1292 1428 contigit
1351 1339 1437 1409 ut
1493 1335 1803 1431 hortatu
1859 1331 2227 1428 praesulis
2259 1348 2295 1386 ⁸
2345 1337 2420 1407 et
2476 1330 2673 1408 beati
2732 1331 3020 1409 Sidonii
3095 1336 3191 1410 ad

709 1449 963 1524 natale
1014 1449 1264 1524 solum
1297 1447 1412 1524 vir
1442 1447 1578 1524 Dei
1619 1449 1649 1490 ⁸
1679 1447 2095 1524 Leufredus
2144 1451 2655 1540 reverteretur,
2690 1454 2777 1524 ut
2816 1448 2899 1524 in
2946 1451 3193 1544 patria

709 1585 853 1640 sua
885 1564 1232 1640 homines
1289 1563 1370 1638 in
1405 1562 1527 1638 via
1575 1561 1848 1639 erroris
1898 1562 2381 1666 ambulantes
2408 1563 2505 1637 ad
2555 1562 2813 1638 lumen
2847 1563 3187 1642 veritatis

709 1679 1110 1772 reduceret,
1147 1679 1366 1774 cujus
1397 1677 1504 1754 rei
1537 1678 1696 1772 ipse
1728 1678 1971 1772 magis
2012 1697 2245 1772 quam
2296 1674 2489 1752 alius
2534 1677 2918 1754 sufficiens
2964 1687 3188 1756 esset.
3222 1692 3270 1742 ⁴⁰

709 1793 1032 1869 Sanctus
1055 1781 1746 1888 denique'Sidonius
1770 1793 2039 1886 plenus
2065 1790 2461 1866 sanctitate
2486 1795 2559 1866 et
2570 1790 2997 1887 virtutibus,
3013 1801 3191 1888 post

710 1907 840 1982 diu
873 1907 1369 1984 desideratam
1384 1927 1390 1934 ·
1403 1908 1765 1982 laborum.
1778 1928 2087 1982 suorum
2122 1927 2501 1999 coronam,
2530 1905 2832 1982 tandem
2855 1908 3189 2002 prestosa

709 2024 1087 2098 resolutus
1148 2023 1228 2098 in
1287 2027 1528 2098 morte
1596 2021 1884 2098 decimo
1948 2027 2215 2097 octavo
2283 2022 2313 2061 ⁸
2370 2021 2719 2116 calendas
2774 2023 3189 2098 decembris

711 2136 1017 2213 feliciter
1074 2136 1425 2232 migravit
1474 2135 1571 2212 ad
1617 2135 2024 2230 Christum,
2066 2155 2294 2230 quem
2340 2134 2601 2226 sitiens
2648 2158 2947 2232 semper
2979 2145 3187 2234 opta·

709 2258 949 2344 verat3
969 2253 1456 2347 sepultusque
1481 2257 1599 2328 est
1620 2253 1704 2326 in
1730 2251 1857 2327 illo
1875 2251 2063 2344 loco,
2078 2249 2211 2326 ubi
2227 2250 2615 2328 ecclesiam
2642 2257 3187 2329 construxerat.
3220 2273 3272 2323 «a

715 2366 862 2458 Qui
893 2369 1104 2443 locus
1137 2368 1397 2443 multis
1447 2389 1708 2462 regum
1745 2365 2208 2461 temporibus
2241 2366 2383 2441 sub
2435 2364 2746 2460 ffiversis
2790 2367 3191 2445 abbatibus

715 2480 966 2558 valida
987 2482 1261 2558 virtute
1285 2481 1561 2574 floruit,
1588 2483 1848 2575 donec,
1868 2485 2318 2576 procurante
2342 2479 2683 2576 AstingO,
2716 2495 2791 2537 ω
2828 2504 2879 2557 a
2902 2483 3191 2560 Noricis

715 2618 850 2672 seu
896 2596 1196 2673 Danicis
1239 2597 1304 2650 ὃὸ
1343 2596 1624 2672 finibus
1668 2595 1947 2692 pagani
1989 2600 2465 2691 erumpentes
2497 2597 3071 2692 Rothomagum
3108 2620 3191 2674 ac

717 2717 998 2793 ceteras
1051 2711 1382 2788 civitates
1429 2718 1506 2787 et
1550 2711 1893 2787 abbatias
1926 2713 2491 2804 succenderunt,
2526 2733 2984 2808 omnemque
3014 2713 3187 2788 vici-

714 2827 924 2902 niam
957 2827 1036 2922 in
1071 2827 1550 2929 solitudinem
1584 2825 2021 2921 redigentes.
2056 2826 2303 2920 Atque
2337 2825 2445 2900 ita
2472 2827 2684 2902 locus
2715 2837 3183 2904 memoratus
3210 2854 3265 2904 ιο

715 2943 846 3037 qui
893 2944 1277 3036 quondam
1313 2948 1521 3017 tanto
1555 2941 1866 3017 honoris
1918 2942 2310 3035 splendore
2360 2941 2737 3034 floruerat,
2766 2944 3187 3020 exturbatis

712 3057 1064 3133 omnibus
1113 3080 1203 3133 ac
1247 3058 1634 3134 subversis
1679 3056 2051 3150 domibus,
2104 3055 2346 3150 coepit
2378 3077 2543 3132 esse
2578 3056 2819 3132 cubile
2852 3059 3187 3134 ferarum

711 3178 790 3249 et
819 3174 1232 3264 volucrum,
1269 3172 1449 3248 olim
1500 3171 1632 3268 qui
1681 3174 1929 3248 fuerat
1958 3178 2397 3248 sanctorum
2444 3171 2779 3248 virorum
2819 3173 2847 3214 '
2878 3173 3189 3250 domici-

711 3287 919 3364 lium.
935 3289 1390 3363 Succurrant
1413 3287 1634 3362 nobis
1658 3293 1794 3363 tua
1825 3285 2113 3380 merita,
2144 3292 2403 3362 sancte
2425 3292 2637 3384 pater
2670 3286 2953 3381 Sidoni,
2984 3290 3183 3385 apud

713 3402 1120 3478 Dominum
1183 3407 1529 3494 nostrum
1589 3401 1846 3478 Jesum
1912 3400 2317 3493 Christum,
2386 3401 2516 3495 qui
2581 3423 2758 3477 cum
2821 3403 3050 3480 Patre
3118 3410 3188 3479 et
3214 3427 3267 3477 ιε

714 3517 994 3612 Spiritu
1019 3523 1282 3593 sancto
1295 3516 1479 3592 vivit
1504 3524 1576 3592 et
1602 3522 1868 3611 regnat
1893 3516 1922 3557 ⁸
1939 3515 2017 3592 in
2043 3517 2073 3556 ⁹
2099 3517 2396 3594 saecula
2408 3518 2903 3594 saeculorum.
2917 3520 3185 3595 Amen.

881 3835 1546 3910 fllclalrclssements
1603 3863 1735 3909 stu·
1788 3847 2154 3922 plusieurs
2209 3861 2568 3921 passages
2622 3847 2710 3908 de
2764 3848 2845 3908 ln.
2895 3847 3035 3910 vie

1637 3947 1728 4008 de
1784 3945 1980 4007 saint
2033 3947 2281 4007 Saena.

781 4138 838 4208 a)
867 4139 1124 4207 Tempore
1143 4139 1257 4193 illo.
1277 4136 1356 4192 Le
1372 4137 1582 4193 lecteur
1599 4153 1632 4192 a
1654 4153 1733 4208 pu
1756 4137 1877 4193 voir
1896 4137 2035 4192 dans
2056 4136 2109 4192 le
2136 4135 2376 4206 premier
2392 4135 2641 4208 chapitro
2656 4137 2727 4192 de
2740 4136 2796 4193 ln
2810 4137 3187 4196 Dissertation.

714 4253 815 4308 par
829 4236 961 4307 quel
974 4236 1213 4307 procede
1229 4238 1374 4292 cette
1386 4236 1487 4294 Vie
1505 4253 1538 4292 a
1557 4239 1644 4292 etc
1667 4239 1978 4306 compesce.
2001 4234 2066 4291 ἕο
2092 4225 2447 4306 siqudem&
2462 4250 2683 4292 mesura
2702 4235 2865 4307 qu’ils
2884 4253 2945 4292 se
2969 4251 3187 4293 rencon-

715 4338 943 4402 treront,
964 4335 1046 4391 les
1063 4339 1348 4405 emprunts
1371 4333 1498 4390 faits
1522 4351 1622 4404 par
1643 4334 1880 4390 l’autour
1903 4337 1937 4389 a
1960 4337 2156 4404 quatre
2178 4333 2595 4406 hagiographos.

781 4434 828 4489 n
843 4450 935 4490 me
957 4433 1080 4490 faut
1100 4433 1362 4489 toutefois
1389 4449 1598 4489 avouer
1619 4448 1729 4504 que
1748 4433 2032 4503 j'eprouve
2054 4432 2266 4489 certain
2288 4433 2571 4489 embarras
2594 4435 2631 4488 ὲ
2650 4433 2891 4504 precinct
2910 4449 2977 4490 ce
3000 4435 3131 4506 qu’il
3153 4451 3181 4486 a

717 4533 918 4588 extruit
939 4532 1008 4588 de
1043 4533 1098 4588 la
1130 4531 1231 4588 Vie
1255 4532 1324 4588 de
1354 4532 1408 4588 S.
1427 4531 1712 4588 Philibert.
1735 4531 1883 4588 Pour
1904 4531 1985 4588 les
2011 4532 2147 4588 trois
2181 4523 2382 4600 autres,
2402 4531 2523 4588 rien
2546 4531 2615 4588 de
2648 4532 2774 4602 plus
2794 4531 2957 4589 facile
2992 4551 3101 4606 que
3120 4533 3181 4588 de

715 4721 842 4862 ‘Im‘
867 4720 1055 4840 ipsius.
1096 4746 1167 4762 -
1201 4719 1228 4756 ⁴
1262 4721 1356 4777 eis.
1395 4747 1462 4760 —
1499 4720 1524 4756 ⁸
1557 4719 1798 4776 Domini.
1834 4747 1901 4759 —
1945 4720 1970 4756 ⁰
1992 4719 2182 4775 XVIII.
2214 4747 2277 4760 —
2313 4719 2337 4754 '¹
2359 4719 2507 4777 dom.
2530 4737 2573 4776 s.
2598 4736 2650 4775 v.
2672 4721 2711 4776 f.
2730 4749 2801 4761 -
2833 4721 2858 4758 ⁸
2879 4721 3029 4779 Deus
3052 4737 3179 4778 unus

829 4845 844 4861 .
860 4829 927 4845 -
993 4817 1107 4876 per.
