3425 5584
1089 513 1360 598 rivfiour
1410 531 1501 586 nn
1550 533 1993 589 nocnss‘rnn.
2634 520 2774 593 169

292 724 361 787 et
406 721 591 804 quod
635 720 884 786 habeat
931 722 1390 788 auctoritatem
1431 723 1855 807 praedicandi
1893 743 2013 807 per
2056 726 2302 792 bullam
2345 728 2673 811 papalem,
2707 733 2775 797 et

290 819 472 905 quod
499 838 634 885 non
676 823 982 887 teneatur
1009 821 1097 887 ad
1137 821 1391 905 aliquos
1421 841 1761 888 sermones
1801 823 2059 890 ratione
2100 825 2615 906 praedictorum,
2648 847 2771 895 nec

288 919 379 984 ad
405 917 664 1002 aliquos
691 922 880 984 actus
900 918 1340 998 scholasticoe‚
1379 939 1599 1004 neque
1643 921 1731 987 ad
1770 921 2196 988 residentiam
2232 923 2490 990 ratione
2527 926 2770 1008 gradus

287 1017 481 1094 illius;
511 1017 606 1084 sic
648 1017 831 1101 quod
869 1018 1230 1085 satisfaciat
1271 1019 1598 1086 officiariis
1641 1023 1710 1086 et
1750 1020 1932 1104 quod
1973 1021 2186 1106 possit
2224 1022 2476 1088 habere
2515 1024 2771 1092 litteras

289 1117 760 1183 testimoniales
788 1117 1030 1200 gradus
1079 1122 1145 1184 et
1171 1119 1689 1186 conversationis
1731 1123 1799 1187 et
1840 1120 2299 1188 auctoritatem
2341 1123 2771 1206 praedicandi

287 1216 604 1299 sigillatas
645 1215 854 1299 sigillo
895 1217 1228 1284 communi
1264 1264 1318 1298 „.
2064 1223 2067 1226 ’

369 1313 530 1378 This
559 1332 700 1379 was
730 1315 1072 1397 graunted,
1105 1314 1217 1381 Dr.
1261 1315 1504 1382 Fawne
1543 1316 1741 1402 being
1766 1317 2257 1386 vicechancelor
2297 1320 2434 1386 and
2458 1319 2553 1387 Mr
2574 1321 2768 1388 Stan-

285 1413 542 1478 bancke
566 1413 703 1478 and
730 1412 1150 1480 Chandelour
1169 1418 1494 1497 proctors.

370 1512 536 1578 lt'em
561 1531 690 1580 one
717 1513 1049 1598 Whitinge
1075 1532 1215 1580 was
1243 1514 1324 1580 D.
1351 1513 1430 1580 D.
1465 1515 1625 1581 1505
1653 1517 1771 1600 (1).

371 1611 538 1682 ltem
565 1632 694 1679 one
719 1613 1030 1679 Makerell
1048 1631 1190 1679 was
1228 1613 1690 1698 incorporated
1730 1615 1887 1682 1517
1917 1616 2053 1682 and
2081 1627 2201 1684 an⁰
2236 1618 2316 1683 10
2343 1613 2611 1684 Hem-'ici
2632 1620 2765 1704 viij,

287 1717 482 1795 prout
511 1715 697 1796 patet
726 1735 746 1778 ε

371 1817 402 1846 ⁸
432 1811 828 1878 Conceditur
867 1811 1026 1877 1517
1075 1811 1368 1880 Mattheo
1407 1812 1745 1894 Makarell,
1787 1807 2119 1896 canonico,
2154 1817 2233 1882 ut
2267 1815 2478 1900 possit
2514 1823 2661 1883 esse
2697 1817 2766 1883 in

285 1910 528 1987 eodem
573 1909 788 1994 gradu
825 1910 934 1977 hic
977 1931 1111 1996 quo
1153 1912 1332 1978 stetit
1372 1912 1442 1978 in
1480 1911 1912 1979 universitate
1965 1913 2406 1999 Friburgensi‚
2443 1915 2540 1982 sic
2588 1916 2767 2000 quod

285 2008 578 2092 disputet
606 2013 674 2076 et
699 2009 1030 2094 praedicet
1060 2011 1147 2077 ad
1173 2010 1453 2096 [clerum
1473 2014 1540 2077 et
1569 2012 1935 2079 satisfaciat
1960 2013 2295 2080 officiariis
2346 2015 2409 2100 ¹‚]
2442 2015 2559 2099 (2).

367 2107 534 2175 Item
575 2127 703 2175 one
740 2107 895 2175 Tho.
938 2108 1144 2175 Graen
1174 2129 1316 2177 was
1355 2111 1433 2176 B.
1467 2110 1546 2176 D.
1601 2111 1783 2192 1502,
1804 2111 2080 2196 [Ioanne
2109 2111 2339 2179 Fisher
2380 2113 2769 2180 Procancel-

283 2207 500 2293 larioJ.
1980 2249 1987 2254 -

343 2306 446 2392 [f.
495 2306 678 2392 286v]
720 2306 884 2373 Item
927 2327 1053 2374 one
1107 2307 1511 2390 Greenwood,
1537 2307 1738 2392 being
1778 2307 1925 2375 first
1961 2310 2037 2376 B.
2086 2311 2167 2376 A.
2209 2312 2278 2376 in
2321 2309 2595 2391 Oxford‚
2624 2331 2767 2378 was

281 2406 483 2471 made
523 2405 619 2486 M.
650 2407 734 2473 A.
773 2410 845 2472 at
877 2405 1273 2491 Cambridge
1315 2407 1495 2473 1511.
1534 2405 1700 2473 Item
1744 2426 1873 2474 one
1926 2407 2330 2494 Groenwood,
2367 2408 2446 2475 D.
2475 2409 2555 2475 D.
2588 2409 2766 2490 1532,

281 2505 420 2571 and
445 2505 534 2570 he
562 2525 704 2572 was
733 2506 809 2572 of
827 2505 922 2571 St.
943 2505 1168 2572 John’s
1198 2506 1521 2590 Colledge‚
1541 2507 1766 2573 whom
1787 2506 1816 2572 1
1835 2507 2031 2574 knew
2049 2509 2166 2593 (3).

364 2605 531 2672 Item
556 2624 685 2670 one
713 2603 832 2670 Joss
853 2603 1088 2670 Glarke
1112 2606 1264 2690 (but
1291 2624 1491 2690 yours
1511 2606 1568 2671 is
1600 2605 1888 2694 Griffyn)
1917 2607 2033 2693 (4),
2057 2608 2253 2692 being
2281 2628 2324 2675 a
2344 2607 2605 2688 monke,
2626 2627 2765 2675 was

363 2802 530 2870 Item
557 2823 685 2870 one
712 2802 953 2886 David,
995 2822 1038 2869 a
1071 2803 1228 2890 frier
1258 2803 1598 2888 preacher,
1636 2803 1712 2870 B.
1755 2803 1835 2870 D.
1883 2804 2071 2884 1513;
2114 2824 2243 2872 one
2291 2805 2483 2872 other
2518 2805 2762 2892 Davyc,

279 2903 636 2970 canonicus
665 2907 732 2971 et
747 2903 928 2987 prior
955 2902 1238 2984 Martini,
1259 2902 1505 2976 Doctor
1532 2903 1694 2970 iuris
1722 2903 2025 2971 canonici
2057 2904 2239 2986 1530,
2260 2905 2398 2972 and
2416 2923 2543 2970 one
2572 2905 2765 2972 other

279 3003 543 3089 Dam'es,
571 3004 646 3069 B.
675 3004 757 3069 A.
789 3003 973 3069 1537.

359 3103 524 3168 Item
551 3121 678 3169 one
715 3100 873 3168 Tho.
916 3102 1067 3188 (but
1090 3091 1290 3187 yours
1317 3102 1374 3168 is
1402 3101 1721 3187 Richard)
1772 3101 2145 3168 Faeherston
2194 3101 2311 3189 (5),
2353 3101 2429 3169 B.
2459 3103 2541 3168 A.
2574 3103 2762 3170 1533.

359 3201 530 3268 Item
556 3220 684 3268 one
713 3200 944 3286 Haylo,
976 3201 1048 3268 B.
1070 3201 1149 3267 D.
1179 3205 1246 3268 et
1273 3201 1691 3286 praedicator
1724 3201 1905 3267 1521.

359 3300 526 3366 Item
553 3302 848 3387 Antonye
892 3299 1168 3366 Webster
1183 3301 1334 3386 (but
1358 3319 1560 3384 yours
1581 3301 1638 3366 is
1669 3299 1965 3386 Auqust),
1993 3300 2252 3381 monke,
2282 3299 2359 3367 B.
2392 3300 2469 3366 D.
2498 3301 2677 3366 1531.

359 3399 528 3466 Item
547 3399 878 3465 Ricardus
901 3399 1210 3485 Μαρκίαν,
1239 3399 1313 3464 Β.
1341 3398 1422 3465 D.
1455 3399 1615 3466 1514
1647 3400 1761 3486 (6).

355 3499 560 3565 Theis
580 3499 674 3568 be
692 3499 807 3566 the
835 3503 1026 3566 notes
1046 3498 1193 3565 that
1214 3500 1242 3565 Ι
1261 3501 1332 3566 at
1353 3499 1482 3565 this
1503 3503 1686 3584 tyme
1713 3517 1842 3566 can
1862 3498 2087 3566 sende.
2098 3499 2190 3564 Yf
2203 3518 2353 3584 yow
2376 3497 2545 3564 shall
2566 3499 2763 3580 signi-

272 3598 360 3674 fle
382 3599 565 3665 what
590 3598 620 3664 I
647 3597 900 3665 further
917 3599 1087 3666 shall
1115 3598 1220 3679 do,
1243 3617 1320 3664 or
1337 3597 1522 3665 what
1541 3617 1811 3665 meanes
1840 3597 1869 3664 1
1889 3597 2126 3664 should
2154 3597 2351 3665 make
2373 3596 2478 3665 for
2504 3597 2758 3664 further

336 3914 416 3980 (1)
441 3913 518 3968 Co
539 3912 784 3968 Richard
805 3911 1070 3982 whitinffi
1089 3912 1236 3966 abbe
1259 3911 1328 3966 de
1351 3910 1741 3980 Glastonbury,
1762 3910 1907 3981 pei-it
1930 3927 2027 3966 sur
2062 3909 2392 3978 I'echasaud,
2431 3909 2657 3966 victime
2689 3911 2760 3966 de

265 4012 376 4050 son
398 3995 778 4051 attachement
799 4011 874 4050 au
895 3994 1254 4064 saint-siege,
1270 3993 1325 4049 le
1361 3995 1427 4049 15
1443 3993 1751 4049 novembre
1775 3994 1923 4050 1539.
1958 3994 2100 4048 Dom
2128 3993 2194 4048 F.
2218 3992 2288 4048 A.
2308 3992 2574 4064 Gasquet,
2603 4009 2759 4048 ouvr.

267 4078 397 4137 cite.
414 4077 523 4132 vol.
537 4077 608 4143 Π,
629 4094 683 4147 p.
703 4075 910 4144 343-56,
931 4094 968 4132 a
985 4075 1277 4131 rehabilite
1296 4075 1353 4130 la
1376 4075 1646 4131 memoire
1665 4077 1737 4131 de
1754 4092 1823 4131 ce
1843 4075 1993 4131 saint
2012 4075 2461 4145 religieux—(2)
2474 4073 2759 4140 Macharel,

266 4150 418 4216 abbe
455 4160 526 4216 de
563 4159 829 4230 Bai-linga,
864 4161 934 4215 de
971 4159 1173 4215 l'ordre
1195 4160 1294 4214 des
1317 4157 1686 4227 Prementres,
1713 4159 1802 4214 fut
1824 4159 2185 4228 iniustement
2206 4161 2437 4213 execute
2461 4160 2497 4212 ὲ
2518 4157 2573 4213 la
2589 4159 2668 4213 fin
2691 4159 2759 4213 de

265 4259 423 4298 mars
445 4243 593 4309 1537.
615 4241 770 4308 Ibid..
792 4259 845 4312 p.
869 4241 1021 4298 ⁷4-81
1057 4245 1116 4298 et
1135 4259 1189 4312 p.
1213 4240 1412 4297 171.-
1433 4241 1506 4306 (3)
1525 4241 1632 4296 Les
1679 4240 2013 4296 indicatione
2056 4239 2304 4295 fouruies
2342 4255 2439 4295 sur
2475 4255 2569 4295 ces
2612 4241 2758 4294 deux

269 4327 604 4380 Grmmod
644 4327 930 4380 montrent
973 4325 1109 4394 qu'il
1143 4323 1302 4394 s’agit
1346 4323 1478 4379 d'un
1519 4323 1640 4379 seul
1681 4327 1739 4379 et
1768 4323 1960 4378 meme
1999 4322 2267 4388 individu,
2305 4321 2361 4378 le
2402 4323 2473 4376 D'
2510 4321 2759 4378 Thomas

265 4407 640 4483 Greenwood.
653 4406 788 4463 Voir
829 4406 1062 4476 Gooper,
1097 4409 1343 4464 Athenae
1390 4407 1879 4476 Cantabriciemes,
1924 4405 2033 4461 vol.
2068 4405 2111 4470 1,
2149 4421 2202 4474 p.
2241 4405 2324 4471 64,
2348 4409 2406 4460 et
2442 4405 2567 4474 plus
2605 4405 2757 4470 haut,

263 4508 316 4561 p.
333 4491 444 4554 161,
457 4491 512 4546 Ia
530 4495 664 4545 note
678 4491 726 4545 1.
741 4517 808 4530 —
829 4490 906 4558 (4)
927 4490 1097 4557 Stow,
1111 4490 1248 4544 dans
1269 4504 1359 4544 ses
1383 4490 1602 4544 Annals
1623 4491 1690 4557 or·
1700 4489 1981 4557 Evtyland,
2004 4503 2061 4558 p.
2076 4487 2179 4542 974
2199 4486 2473 4554 (Londom
2499 4487 2643 4552 1592,
2664 4486 2757 4552 4³),

263 4573 422 4643 ραι-10
456 4572 527 4627 de
549 4571 974 4638 Griffithchrk,
995 4572 1202 4628 vicaire
1223 4573 1294 4627 de
1309 4571 1721 4637 Wandsworth,
1744 4570 1840 4640 qui
1862 4569 1947 4626 fut
1969 4570 2155 4641 pendu
2179 4574 2236 4625 et
2256 4570 2493 4625 eeartele
2516 4585 2651 4624 avec
2668 4585 2757 4624 ses

263 4656 584 4721 servimus,
605 4655 660 4710 le
675 4655 712 4710 8
727 4653 907 4723 juillet
925 4655 1072 4710 1539.
1095 4683 1160 4694 -
1181 4655 1252 4722 (5)
1267 4654 1346 4709 Le
1369 4653 1516 4708 culte
1537 4655 1612 4708 du
1635 4653 2019 4708 bienheureux
2042 4656 2253 4722 martyr
2268 4653 2519 4707 Eidem-d
2534 4652 2752 4708 Feeher·

261 4748 404 4808 seon,
430 4743 490 4794 et
522 4739 622 4794 des
655 4739 798 4793 deux
832 4736 1082 4793 suivants
1113 4739 1258 4793 Jean
1293 4737 1461 4792 Hm'le
1499 4740 1556 4791 et
1590 4738 1871 4806 Δηναίη
1905 4737 2143 4790 Webster
2175 4751 2211 4789 a
2243 4739 2332 4791 ete
2371 4735 2635 4790 confirme
2657 4751 2757 4804 par

263 4839 346 4878 un
385 4823 574 4878 decret
597 4822 674 4886 du
709 4820 764 4876 S.
803 4820 965 4891 Siege
1005 4821 1076 4876 de
1101 4819 1246 4883 1886.
1267 4845 1335 4858 -
1359 4819 1432 4888 (6)
1457 4819 1704 4874 Βίολανᾱ
1745 4819 1972 4884 Μακέων,
2006 4816 2276 4889 impiique
2299 4817 2437 4874 dans
2467 4816 2523 4872 le
2561 4821 2756 4886 proces

263 4891 613 4961 &anahem
626 4903 854 4972 sarton,
876 4903 963 4958 rut
981 4903 1169 4973 penda
1190 4904 1226 4956 a
1245 4900 1490 4972 Tybum,
1511 4900 1566 4956 ιο
1586 4902 1622 4956 5
1639 4899 1753 4956 mai
1778 4901 1924 4956 1534.

535 5017 672 5058 τοι.
699 5017 755 5058 x.
2424 4999 2491 5053 12
