3425 5584
1074 423 1347 507 iivfiouu
1397 442 1488 497 ns
1537 444 1979 501 aocnrsrun.
2610 428 2748 504 331

288 615 362 678 to
391 612 521 699 this
551 611 942 692 conclusion,
963 612 1178 697 began
1199 617 1268 680 to
1296 614 1548 680 mutine
1576 615 1709 681 and
1739 618 1984 701 speake
2009 618 2078 685 ill
2104 619 2178 685 of
2196 618 2312 686 the
2340 624 2475 687 two
2502 624 2761 689 cardin-

293 712 434 793 ans,
468 712 778 798 specially
804 712 970 779 such
1007 732 1082 778 as
1111 732 1286 779 were
1327 713 1652 781 flatterers
1681 716 1818 781 and
1846 703 2169 801 parasites
2212 720 2420 787 about
2446 732 2519 805 y⁶
2547 721 2759 805 kinge.

286 812 360 877 In
381 831 456 878 so
485 812 684 878 much
703 832 778 878 as
807 812 920 877 the
950 812 1122 878 duke
1140 813 1215 877 of
1228 812 1500 894 Suffolk‚
1523 813 1793 881 Charles
1822 814 2134 883 Brandon
2153 819 2402 903 (whom
2428 820 2542 885 the
2568 820 2762 904 kinge

291 911 426 976 had
454 911 681 977 before
709 910 933 995 highly
961 910 1348 978 advaunced
1393 912 1559 979 from
1591 932 1632 979 a
1658 914 1823 979 base
1850 918 2023 981 state
2048 918 2119 981 to
2141 921 2328 999 great
2354 918 2597 984 honors
2626 920 2762 985 and

291 1012 701 1094 possessions
723 1012 856 1077 and
880 1011 1019 1077 also
1040 1030 1203 1094 gave
1224 1012 1362 1076 him
1383 1011 1486 1077 his
1508 1031 1698 1079 owne
1722 1013 1912 1079 sister
1938 1016 2005 1079 in
2034 1016 2393 1100 maryage),
2424 1018 2765 1103 clappinge

288 1110 391 1175 his
416 1110 632 1176 hands
653 1130 740 1174 on
763 1110 876 1176 the
904 1110 1133 1188 board,
1155 1129 1368 1175 sware
1390 1111 1480 1194 by
1501 1110 1680 1177 Gods
1704 1113 1902 1179 blood
1931 1114 2075 1180 that
2095 1116 2180 1181 he
2203 1115 2405 1183 found
2433 1136 2625 1184 nowe
2652 1121 2764 1185 the

295 1210 450 1275 ould
479 1209 747 1293 sayinge
773 1229 915 1275 was
945 1214 1106 1289 true,
1130 1210 1194 1293 yt
1232 1210 1582 1276 cardinalls
1623 1209 1737 1276 did
1764 1231 1965 1279 never
1986 1216 2157 1297 good
2177 1216 2245 1281 in
2272 1216 2591 1301 England.
2611 1220 2767 1285 And

283 1310 438 1374 'that
458 1309 544 1374 he
572 1309 776 1392 spake
805 1308 964 1373 with
1015 1308 1178 1373 such
1206 1328 1249 1373 a
1275 1309 1463 1391 spirit
1507 1310 1582 1375 of
1616 1310 2029 1379 vehementie
2052 1316 2184 1381 and
2210 1316 2371 1383 with
2394 1337 2467 1382 so
2494 1317 2769 1385 clamor-

299 1429 420 1474 ous
451 1428 492 1473 a
519 1428 742 1492 noyse,
767 1408 915 1473 that
955 1408 1042 1473 all
1082 1428 1240 1473 men
1282 1409 1486 1474 about
1513 1409 1648 1474 him
1690 1411 2027 1478 marveled
2074 1414 2255 1481 what
2289 1416 2375 1481 he
2404 1422 2605 1497 ment,
2632 1420 2769 1485 and

297 1508 458 1573 wise
487 1527 642 1573 men
685 1507 963 1591 thought
1006 1507 1088 1572 he
1130 1507 1319 1573 durst
1355 1512 1469 1573 not
1499 1508 1650 1573 thus
1671 1508 1843 1575 have
1880 1511 2043 1590 said,
2071 1514 2191 1578 but
2224 1514 2371 1581 that
2412 1515 2497 1581 he
2538 1516 2771 1586 knewe

297 1608 407 1673 the
431 1607 615 1690 kings
637 1606 860 1671 minde
887 1605 1290 1672 aforehande
1310 1606 1427 1691 (1).

389 1713 548 1771 100.
581 1704 724 1770 The
765 1704 921 1787 king
948 1703 1214 1770 himself
1248 1702 1596 1771 conceived
1637 1703 1950 1788 lykewise
1984 1712 2165 1790 great
2194 1710 2607 1794 indignacion
2636 1716 2771 1781 and

301 1807 705 1889 displeasure
733 1804 897 1869 both
921 1804 1179 1885 against
1204 1802 1318 1868 the
1347 1802 1662 1869 cardinali
1692 1804 1767 1870 of
1788 1804 1967 1872 York
1994 1807 2128 1873 and
2156 1809 2295 1876 also
2338 1812 2453 1877 the
2482 1832 2771 1897 queenes

307 2115 546 2181 auditis
597 2113 1019 2191 stomachari,
1059 2119 1126 2179 et
1175 2114 1481 2180 dentibus
1535 2116 1851 2195 frendere,
1895 2135 1973 2181 ac
2013 2117 2235 2182 nescio
2277 2116 2437 2199 quid
2484 2116 2655 2182 inter
2702 2136 2775 2181 se

309 2215 678 2292 mussitare,
708 2217 777 2279 et
803 2215 1065 2297 utrique
1095 2214 1407 2279 cardinali
1438 2215 1582 2280 dira
1621 2216 1969 2298 imprecari
2012 2234 2089 2282 ac
2117 2215 2505 2282 calumniari
2546 2236 2777 2300 coepe-

308 2318 480 2380 runt.
511 2314 686 2378 Inter
720 2333 884 2396 quos
915 2313 1184 2379 Carolus
1219 2313 1632 2392 BrandonuS,
1662 2315 1799 2380 dux
1827 2315 2287 2393 SuffolciensiS,
2318 2335 2518 2399 quem
2546 2334 2662 2380 rex
2692 2316 2777 2379 ab

307 2412 531 2477 infimo
552 2411 694 2478 loco
734 2412 818 2477 ad
850 2431 1144 2478 summos
1174 2412 1497 2477 extulerat
1516 2413 1817 2493 honores,
1848 2413 2007 2478 data
2034 2414 2093 2479 ei
2121 2414 2191 2478 in
2212 2433 2485 2479 uxorem
2515 2414 2781 2497 propria

313 2532 556 2588 sorore,
599 2530 829 2577 mensa
875 2511 1123 2576 fortiter
1161 2530 1364 2576 manu
1415 2530 1536 2577 sua
1575 2530 1908 2595 percussa,
1951 2532 2072 2595 per
2114 2512 2353 2577 Christi
2395 2513 2781 2595 sanguinem

315 2612 549 2678 iuravit
577 2631 648 2676 se
677 2612 812 2676 iam
842 2611 1290 2693 experimento
1320 2610 1622 2677 didicisse
1649 2630 1880 2676 verum
1912 2630 2075 2690 esse,
2106 2610 2285 2695 quod
2310 2611 2465 2677 olim
2494 2630 2535 2675 a
2563 2612 2783 2677 multis

311 2711 674 2789 audiverat,
705 2710 1070 2775 cardinales
1109 2709 1270 2774 nihil
1297 2728 1616 2792 umquam
1652 2709 1809 2775 boni
1838 2712 1905 2775 in
1931 2730 2132 2793 regno
2172 2710 2447 2792 Angliae
2490 2711 2783 2792 gessisse.

315 2810 501 2889 Quae
531 2809 734 2875 verba
756 2814 894 2875 tam
923 2809 1296 2873 vehementi
1325 2809 1557 2892 spiritu
1588 2814 1654 2873 et
1681 2809 1972 2875 clamosa
2013 2828 2091 2874 ac
2118 2800 2359 2874 sonora
2379 2828 2537 2874 voce
2557 2814 2788 2892 protu-

315 2910 408 2987 lit,
423 2912 494 2974 ut
518 2928 746 2974 omnes
767 2908 1272 2987 admirarentur,
1296 2907 1731 2991 sapientiores
1753 2926 1908 2973 vero
1930 2908 2419 2991 suspicarentur
2435 2926 2569 2972 non
2590 2907 2789 2972 fuisse

309 3028 542 3075 ausum
571 3008 903 3073 hominem
931 3007 1088 3073 talia
1116 3007 1337 3089 palam
1367 3007 1616 3072 cunctis
1658 3006 2179 3072 auscultantibus
2208 3006 2635 3091 proclamare,
2664 3006 2788 3072 nisi

312 3109 396 3175 de
431 3108 602 3191 regis
642 3108 849 3190 ipsius
891 3124 1217 3172 consensu
1255 3110 1324 3171 et
1373 3105 1712 3172 voluntate
1752 3106 1821 3171 id
1863 3106 2142 3171 fecisset.
2186 3112 2541 3183 Gampegius,
2586 3112 2790 3167 horum

311 3230 606 3287 procerum
647 3212 876 3267 fremitu
917 3211 977 3269 et
1018 3212 1316 3266 verborum
1359 3212 1601 3283 strepitu
1643 3210 1855 3275 audit0,
1906 3228 2146 3284 quorum
2186 3211 2376 3275 verba,
2424 3210 2555 3282 quia
2596 3210 2787 3281 lingua

317 3313 613 3368 vernacula
640 3311 814 3366 locuti
843 3316 1021 3374 erant,
1071 3326 1180 3364 non
1209 3309 1486 3365 intellexit
1542 3330 1555 3366 :
1609 3312 1781 3382 Quid,
1828 3309 2032 3383 inquit,
2074 3312 2270 3365 dicunt
2304 3314 2423 3365 isti'
2444 3319 2735 3380 maynates
2766 3318 2791 3365 2

313 3415 406 3467 An
434 3410 580 3466 mihi
608 3412 990 3481 indignantur
1016 3410 1164 3481 quod
1189 3412 1363 3479 finem
1391 3410 1524 3465 huic
1551 3410 1641 3464 liti
1669 3427 1785 3464 non
1806 3413 2095 3480 imponam
2122 3416 2146 3465 Ρ
2179 3410 2576 3487 Fremant-illi
2605 3427 2789 3481 quan-

321 3522 442 3566 tum
469 3511 653 3566 volent
667 3527 689 3576 ,·
720 3528 818 3581 eqo
866 3527 938 3565 ne
989 3510 1171 3564 laeum
1198 3510 1425 3580 quidem
1471 3526 1721 3580 unquem
1760 3526 1801 3564 a
1825 3513 2201 3581 praescriptis
2228 3502 2265 3545 *
2292 3509 2565 3581 formulis
2598 3514 2792 3564 curiae

311 3626 582 3665 romanae
609 3603 648 3645 *
668 3610 974 3667 discedam.

320 3842 490 3912 Gap.
515 3842 599 3899 x.
623 3870 704 3881 —
734 3842 896 3898 Rex
928 3837 1297 3912 indignari
1330 3838 1562 3912 coepit
1601 3840 1856 3900 contra.
1889 3840 2315 3901 wolsaeum
2349 3836 2791 3898 cardinalem

480 3938 555 3998 et
594 3952 838 3998 omnes
873 3937 1061 4009 alios
1094 3937 1220 4010 qui
1254 3940 1556 4012 reginae
1580 3937 2261 4012 patrocinabantur,
2294 3936 2469 4009 quia.
2504 3949 2625 3996 res
2651 3950 2794 3995 non

489 4036 839 4097 successit
878 4039 963 4096 ut
1001 4036 1251 4097 voluit.
1295 4037 1759 4111 campegium
1798 4050 1957 4099 cum
1993 4036 2211 4098 venia
2244 4050 2383 4097 sua.
2400 4036 2794 4104 abeuntem

491 4135 782 4197 curav-lt
810 4136 974 4197 sisti
1017 4136 1245 4197 caleti
1274 4140 1412 4197 sub
1447 4138 1632 4198 falso
1667 4138 2057 4211 praetextu
2100 4136 2446 4210 pecuniae
2464 4132 2795 4197 Wolsaei

489 4249 623 4309 per
650 4238 888 4308 ipsum
918 4236 1372 4311 exportatae,
1407 4240 1536 4297 sed
1562 4251 1831 4298 revera.
1858 4238 1948 4297 ob
1975 4235 2200 4297 aliam
2228 4248 2545 4296 causam.

409 4436 578 4495 100.
612 4428 758 4495 Rex
787 4449 1050 4512 quoque
1083 4430 1242 4513 ipse,
1263 4434 1406 4495 tam
1434 4430 1502 4494 in
1537 4430 1939 4496 cardinalem
1968 4428 2467 4506 Eboracensem,
2496 4446 2699 4511 quam
2728 4425 2795 4489 in

322 4528 588 4611 reginae
629 4530 1028 4595 consiliarios
1069 4530 1342 4595 immani
1372 4533 1689 4613 concepto
1732 4530 1905 4610 odi0,
1935 4528 2115 4612 quod
2143 4532 2357 4594 totum
2382 4526 2510 4592 hoc
2535 4530 2795 4609 tempus

387 4728 459 4795 (1)
494 4728 573 4784 Le
595 4728 900 4798 biographo
917 4729 986 4784 de
1003 4728 1198 4784 Fisher
1211 4732 1455 4809 tempere
1473 4727 1544 4783 ici
1568 4727 1898 4793 Cavendish,
1910 4744 1963 4797 p.
1979 4726 2092 4793 129,
2105 4726 2201 4796 qni
2226 4742 2261 4781 a
2278 4724 2466 4781 derivo
2487 4722 2543 4778 la
2560 4727 2795 4793 reponse

316 4812 394 4866 du
417 4811 524 4866 duc
539 4813 610 4867 de
633 4812 842 4867 Suffolk
865 4813 940 4868 du
961 4813 1340 4883 chroniqueur
1359 4812 1458 4867 Ed.
1483 4812 1623 4877 Hall,
1647 4811 1779 4865 edit.
1799 4810 1907 4877 cit„
1924 4826 1977 4880 p.
2002 4810 2116 4878 758,
2140 4809 2174 4879 ἦ
2194 4809 2243 4865 3.

2942 3524 2971 3553 ¹·
2987 3538 3038 3590 p.
3055 3521 3135 3575 47.

2858 3622 2888 3650 θ
2907 3621 3085 3674 Rotae
3106 3620 3219 3673 eod.

2888 3686 3199 3741 Barberim‘.
