3425 5584
1295 455 1388 508 nn
1427 457 1497 531 s.
1551 457 1791 512 sums.
2638 444 2787 518 409

299 645 607 728 copiosa3
636 643 1077 724 obsecrantes,
1094 647 1230 710 ut...
1253 645 1496 729 partim

303 743 502 809 etiam
529 744 930 828 pauperibus
951 743 1112 810 inibi
1132 745 1268 810 suis
1289 745 1493 811 sacris

302 843 609 908 manibus
649 843 1012 926 largiretur,
1057 862 1302 928 eosque
1343 863 1494 910 ora-

299 942 590 1008 tionibus
601 942 737 1008 suis
751 942 1305 1026 Dominopariter
1317 963 1495 1010 com·

234 1059 266 1108 5
303 1041 651 1107 mendaret
671 1041 787 1126 (1).

1593 647 2025 718 observantes
2052 655 2130 720 ut
2204 689 2207 692 ·
2498 729 2503 734 ,

1930 751 1933 756 ’
1973 769 2055 815 ea
2082 749 2219 816 suis
2248 751 2452 816 sacris
2473 752 2786 819 manibus

1591 847 1963 931 largiretur,
2046 868 2294 933 eosque
2376 851 2785 920 orationibus

1594 943 1731 1009 suis
1765 943 2045 1010 Domino
2087 945 2335 1028 pariter
2363 948 2784 1014 commenda-

1594 1046 1698 1110 ret
1718 1043 1834 1129 (2).
2644 1067 2649 1072 ·

381 1275 586 1338 Autre
609 1275 882 1359 exemple
907 1273 985 1338 de
1009 1294 1074 1339 ce
1091 1273 1364 1358 procede
1387 1274 1463 1338 de
1490 1275 1920 1358 composition.
1963 1272 2251 1361 Lorsque
2267 1276 2341 1361 je
2384 1277 2487 1341 lus
2508 1297 2678 1361 pour
2718 1278 2786 1343 la

290 1375 606 1457 premiere
627 1373 759 1456 fois
797 1380 945 1438 cette
979 1373 1092 1438 Vie
1119 1373 1196 1438 de
1226 1374 1292 1439 S.
1323 1374 1540 1458 Saena,
1569 1380 1625 1439 et
1652 1393 1789 1459 que,
1818 1376 2035 1438 arr-ive
2059 1394 2192 1438 aux
2213 1375 2531 1441 dernieree
2570 1377 2788 1462 liqnes,

293 1473 398 1557 j’y
427 1473 680 1538 trouvai
705 1473 772 1538 la
800 1473 1182 1558 description
1224 1472 1303 1538 de
1343 1474 1410 1538 la
1453 1474 1638 1539 ruine
1678 1473 1770 1538 du
1812 1477 2185 1558 monastere,
2229 1481 2375 1539 cette
2415 1475 2702 1559 solitude,
2730 1477 2789 1541 si

233 1641 240 1647 ,
304 1572 646 1657 lonytemps
673 1571 990 1657 sanctifile
999 1593 1135 1657 par
1163 1573 1229 1637 la
1249 1573 1484 1657 priere,
1518 1571 1784 1637 devenue
1814 1574 1878 1636 la
1909 1572 2197 1638 demeure
2223 1573 2331 1638 des
2360 1575 2518 1639 bete-3
2539 1572 2787 1659 fauoee,

201 1685 266 1736 ιο
301 1672 352 1736 il
371 1692 468 1736 me
488 1670 720 1736 senabla
742 1692 877 1756 que,
891 1673 958 1736 la
979 1670 1069 1735 du
1101 1673 1322 1754 moins,
1327 1672 1398 1756 je
1426 1673 1631 1736 tenais
1651 1691 1745 1736 un
1765 1673 1987 1757 veetiye
2006 1673 2247 1737 certain
2266 1672 2345 1737 de
2365 1673 2433 1737 la
2453 1673 2785 1739 tradition.

301 1769 367 1834 11
396 1773 536 1835 n’en
578 1778 667 1836 est
707 1773 862 1837 rien.
925 1770 1008 1836 Ge
1043 1790 1320 1856 passaqe
1367 1777 1455 1836 eat
1503 1771 1629 1836 tire
1674 1771 2125 1836 tartuellement
2166 1771 2243 1835 de
2302 1771 2673 1838 Guillaume
2713 1772 2790 1837 de

302 1869 652 1955 Jumieqes;
690 1877 826 1935 tout
864 1891 930 1935 ce
955 1890 1072 1956 que
1099 1875 1276 1935 notre
1305 1876 1534 1934 auteur
1559 1877 1817 1936 raconte
1842 1869 1920 1934 de
1949 1870 2015 1934 S.
2049 1869 2271 1954 Saena,
2298 1870 2356 1935 le
2380 1870 2687 1956 reliqieux
2713 1871 2791 1936 de
2908 1943 2914 1948 ,

302 1969 624 2054 Jumieyes
645 1970 869 2035 l'avait
897 1970 993 2034 dit
1017 1969 1094 2034 de
1119 1989 1234 2034 son
1256 1971 1627 2034 monastere.

489 2255 717 2314 ‘rexte
766 2255 854 2314 de
905 2253 1311 2314 Gulllaume

580 2354 670 2412 de
697 2352 1074 2426 Jumieges
1102 2348 1216 2431 (3).

199 2543 268 2590 ⁴5
385 2527 533 2606 Quo
569 2532 865 2613 tempore
894 2529 1217 2612 pagani,...
1261 2548 1496 2612 procu-

307 2631 497 2692 rante
529 2628 669 2710 ejus
713 2627 1190 2712 expeditionem
1223 2629 1500 2694 Hastin-

302 2745 446 2810 ge...
469 2746 509 2792 a
529 2727 780 2793 Noricis
811 2747 931 2793 seu
953 2728 1218 2794 Danicis
1257 2727 1497 2794 finibus

303 2829 745 2892 eructantes..
796 2827 1091 2893 civitates
1142 2827 1494 2907 diruenteS,

302 2925 503 3005 atque
545 2921 850 2987 abbatias
900 2925 1392 2987 concremantes
1399 2971 1495 2987 .....

197 3037 266 3086 20
301 3021 544 3104 pagani
549 3069 647 3086 .....
707 3021 1176 3086 monasterium
1184 3069 1281 3085 .....
1348 3021 1495 3103 igne

300 3119 542 3202 injecto
591 3119 899 3200 adurunt,
949 3121 1016 3185 in
1071 3119 1495 3185 solitudinem

308 3218 531 3284 omnia
557 3218 950 3302 redigentes.

386 3317 532 3383 Hac
565 3318 790 3402 itaque
826 3320 1092 3401 patrata
1135 3317 1491 3397 eversione,

305 3416 507 3496 locuS,
528 3416 640 3500 qui
665 3418 830 3482 tanti
852 3416 1118 3482 honoris
1141 3415 1493 3500 splendore

196 3531 270 3581 25
306 3515 420 3581 diu
446 3517 762 3598 viguerat,
794 3515 1156 3581 exturbatis
1187 3517 1491 3581 omnibus

307 3633 386 3679 ac
805 3614 1134 3680 subversis
1165 3614 1491 3694 domibUS,

304 3714 515 3797 coepit
547 3733 691 3779 esse
963 3713 1176 3780 cubile
1205 3713 1496 3779 ferarum

314 3817 382 3878 et
409 3805 766 3878 volucrum.

1596 2319 1823 2377 Texta
1850 2317 1941 2376 de
1960 2318 2039 2376 la.
2057 2315 2191 2377 vie
2211 2318 2301 2378 de
2324 2319 2392 2378 S.
2422 2319 2651 2378 Saena
2673 2312 2790 2397 (4).

1687 2527 1907 2593 Donec
2388 2534 2789 2612 procurante

1597 2626 1877 2710 Astingo

1599 2745 1640 2792 a
1707 2725 1961 2792 Noricis
2026 2745 2144 2791 seu
2207 2726 2473 2792 Danicis
2548 2727 2789 2794 finibus

1598 2825 1841 2909 pagani
1884 2829 2305 2908 erumpentes
2344 2825 2791 2909 Rotomagum

1595 2943 1674 2989 ac
1724 2926 1977 2989 ceteras
2028 2923 2322 2990 civitates
2376 2928 2443 2989 et
2484 2923 2789 2990 abbatias

1595 3023 2078 3088 succenderunt
2244 3042 2643 3107 omnemque

1595 3121 1899 3187 viciniam
1980 3121 2047 3186 in
2118 3121 2540 3188 solitudinem
2611 3122 2789 3187 redi·

1592 3225 1839 3305 gentes
1855 3222 2175 3305 Atqueita
2189 3222 2368 3289 locus
2382 3226 2790 3288 memoratus

1593 3320 1707 3403 qui
1727 3341 1903 3404 quon
1910 3319 2064 3386 dam
2079 3325 2265 3387 tanto
2282 3322 2550 3387 honoris
2572 3321 2791 3405 splen-

1555 3473 1564 3478 -
1593 3419 1756 3484 dore
1798 3419 2130 3499 floruerat,
2168 3420 2533 3486 exturbatis
2573 3420 2786 3485 omni-

1591 3519 1717 3584 bus
1746 3537 1825 3584 ac
1854 3518 2188 3584 subversis
2220 3518 2548 3598 domibuS,
2570 3519 2789 3602 coepit

1596 3637 1745 3684 esse
1775 3618 1986 3683 cubile
2012 3618 2297 3684 ferarum
2328 3622 2396 3683 et
2426 3617 2789 3684 volucrum.

389 4033 458 4091 3.
484 4026 800 4090 L’eaetrait
819 4024 897 4090 de
921 4025 1288 4090 Guillaume
1299 4024 1377 4089 de
1387 4023 1959 4109 Jumieyespermet
1980 4021 2469 4108 d’affirmerque
2478 4029 2656 4087 notre
2680 4021 2795 4087 Vie
2842 4033 2893 4088 A
2908 4032 3090 4103 quelle
3113 4037 3237 4101 epo-

199 4139 270 4191 30
303 4123 380 4188 de
409 4123 476 4189 S.
503 4123 703 4189 Saens
721 4123 878 4188 n'est
889 4144 1016 4209 pas
1045 4124 1398 4188 anter-ieure
1426 4144 1517 4187 au
1545 4121 1721 4188 XH‘
1738 4123 1934 4186 siecle.
1964 4121 2065 4186 Un
2088 4128 2272 4186 autre
2298 4122 2551 4204 extruit,
2573 4121 2794 4206 leplus

2840 4114 2987 4230 13¹3?
2994 4099 3240 4242 §5:132152

309 4225 472 4309 lonq,
502 4245 578 4289 en
600 4222 854 4307 fournit
883 4243 1004 4288 une
1031 4223 1288 4288 seconde
1321 4243 1574 4308 preuve.
1633 4221 1833 4286 Notre
1882 4227 2117 4285 auteur
2150 4241 2193 4284 a
2218 4220 2350 4305 fait
2377 4226 2469 4284 un
2498 4225 2793 4305 emprunt
2876 4245 3135 4284 occasion
3153 4231 3208 4284 la

306 4325 436 4389 tres
453 4322 697 4388 notable
720 4327 760 4388 ὰ
791 4323 858 4386 la
905 4322 1014 4386 Vie
1060 4323 1138 4387 de
1187 4321 1255 4388 S.
1286 4322 1586 4406 Aicadre,
1613 4341 1743 4386 non
1774 4341 1897 4405 pas
1928 4323 1967 4384 ὰ
2004 4321 2072 4385 la
2090 4321 2245 4404 plus
2272 4321 2593 4402 ancienne,
2622 4340 2792 4385 oom-

304 4425 486 4508 posee
501 4442 637 4506 par
665 4442 756 4486 un
785 4423 990 4486 moine
1019 4442 1350 4506 anonyme,
1373 4424 1541 4486 mais
1564 4425 1604 4485 ὰ
1629 4421 1694 4485 la
1722 4418 1833 4483 Vie
1861 4418 2179 4484 retouchee
2195 4439 2332 4504 par
2354 4417 2638 4502 Fulbert,
2659 4419 2791 4504 qui,

373 4670 448 4735 (1)
483 4671 622 4723 Aeta
647 4669 988 4734 Sanctorum,
1006 4667 1240 4738 Augusti
1265 4672 1401 4722 tom.
1423 4665 1514 4734 IV,
1537 4685 1589 4736 p.
1611 4667 1727 4733 817,
1753 4675 1813 4721 n⁰
1836 4667 1919 4722 31.
1936 4699 2001 4708 -
2026 4666 2101 4734 (2)
2134 4665 2262 4720 vita
2284 4665 2465 4736 prima
2486 4665 2540 4720 S.
2563 4663 2793 4732 Sidonii,

309 4750 471 4813 infra,
497 4765 550 4804 n.
575 4751 648 4804 lv
671 4751 743 4804 ad
765 4751 952 4805 finem.
975 4777 1044 4790 -—-
1066 4750 1140 4817 (3)
1181 4750 1488 4816 Duchesne‚
1514 4751 1800 4805 Historiae
1824 4751 2274 4804 Normannorum
2296 4751 2609 4816 scriptores,
2630 4747 2793 4802 Lute-

311 4833 440 4901 uae,
465 4833 612 4898 1619,
628 4848 679 4902 p.
701 4832 819 4898 216,
837 4831 954 4888 219.
974 4859 1044 4872 -
1069 4831 1142 4900 (4)
1177 4830 1242 4886 Ν.
1269 4831 1380 4886 vn.

2842 4295 3113 4367 premiere
3136 4295 3238 4351 Vie

2894 4363 2981 4418 fut
3001 4361 3185 4417 ecrite.
