3425 5584
1153 487 1474 542 nrrscom
1524 485 1894 541 Buranun.
2165 473 2175 485 “
2694 467 2790 543 87

289 678 505 750 κύλικι
533 679 576 716 ⁰
615 679 838 759 ὕδατος
860 685 975 762 τὴν
1004 683 1282 777 ἀνάγκην
1317 684 1428 748 τοῦ
1454 681 1673 774 δίψους
1709 681 2150 770 κατασβεννὺς·,
2168 683 2383 777 μαχήν
2408 709 2476 750 τε
2500 686 2795 777 καρτερὰν
2846 685 2877 717 *
2899 689 2997 742 cod
3046 677 3241 737 zoam

289 799 392 867 ἀεὶ
425 799 578 892 πρὸς
604 797 749 875 τοὺς
784 797 885 864 διὰ
915 800 1040 866 τῶν
1075 796 1436 890 ἀκαθάρτων
1458 795 1787 893 λογισμῶν
1811 796 2236 896 πολεμοῦντας
2262 799 2633 890 ποιούμενος
2663 798 2795 867 δαί-

293 938 516 1004 μονας.
570 914 689 981 Καὶ
720 910 802 993 ἦν
853 897 1099 994 άληθῶς
1138 914 1223 990 ὡς
1245 913 1530 1008 ἐπίγειος
1583 917 1836 1008 φωστὴρ
1875 918 1938 982 ἐν
1968 913 2061 1003 τῷ
2105 911 2398 1003 σπηλαίῳ
2438 919 2516 1010 τῇ
2556 917 2798 1008 ἡσυχίᾳ

289 1029 400 1096 καὶ
445 1034 523 1125 τῇ
575 1029 834 1110 ἀσκήσει
865 1029 1221 1124 προσέχων,
1264 1029 1576 1109 νηστείαις
1631 1030 2123 1123 προσκαρτερῶν,
2163 1030 2536 1124 χαμευνίαις
2572 1055 2641 1097 τε
2693 1031 2795 1095 καὶ

225 1165 259 1216 ε
293 1140 624 1236 κλαυθμῷ,
666 1145 1031 1238 ἀγρυπνίαις
1065 1167 1136 1210 τε
1167 1144 1271 1214 καί
1323 1145 1584 1238 συχναῖς
1631 1140 2051 1238 γονυκλισίαις
2108 1145 2213 1210 καί
2253 1150 2331 1241 τῇ
2391 1141 2621 1240 μελέτῃ
2671 1147 2796 1212 τῶν

292 1257 533 1353 λογίων
567 1259 678 1325 τοῦ
703 1257 1075 1349 πνεύματος.
1102 1258 1526 1340 Πεντηκοστὸν
1557 1256 1623 1324 δὲ
1647 1256 1883 1349 νομίζω
1908 1261 2022 1338 τῆς
2049 1256 2217 1338 ζωῆς
2251 1255 2405 1353 ἦγεν
2438 1260 2577 1325 τότε
2614 1257 2747 1336 ἔτος
2772 1281 2789 1298 ·

293 1371 574 1468 ἤρχοντο
611 1373 676 1440 δὲ
706 1369 932 1440 πολλοὶ
964 1374 1116 1466 πρὸς
1152 1374 1338 1442 αὐτὸν
1389 1368 1781 1467 ὠφεληθῆναι
1826 1368 2215 1463 βουλόμενοι.
2266 1375 2565 1468 Διέτρεχε
2600 1376 2719 1469 γὰρ
2753 1375 2795 1454 ἦ

295 1488 444 1581 περί
477 1489 668 1556 αὐτοῦ
694 1489 900 1584 φήμη,
938 1489 1043 1554 καὶ
1077 1487 1335 1564 ἕκαστος
1366 1489 1494 1555 τῶν
1527 1472 1904 1582 ἐρχομένων,
1919 1486 2223 1582 διαφόρων
2257 1485 2528 1580 θλίψεων
2565 1489 2789 1566 ἕνεκεν,

297 1603 721 1698 ψυχαγωγίας
755 1604 858 1670 καί
895 1606 1104 1686 ἱκανῆς
1132 1597 1485 1694 ἀναψύξεως
1515 1602 1875 1694 αἰσθόμενος
1912 1607 2067 1694 μετὰ
2092 1607 2295 1697 χαρᾶς
2329 1605 2691 1698 ὑπέστρεφε.

197 1742 264 1794 4ο
408 1729 478 1789 9.
527 1718 656 1806 Mu}
681 1719 746 1786 δὲ
770 1721 892 1786 τῶν
926 1721 1160 1786 νυκτῶν
1186 1716 1418 1794 δειλίας
1453 1721 1622 1808 αὐτῷ
1672 1716 2017 1812 λογισμοὺς
2064 1716 2412 1806 ὑποβάλλει
2464 1723 2497 1786 ὁ
2554 1717 2785 1805 δόλιος,

300 1835 410 1901 καὶ
469 1837 627 1926 μετὰ
683 1837 895 1918 τοῦτο,
964 1836 1213 1912 σκοτίας
1275 1831 1464 1915 οὗσης
1534 1819 1807 1922 βαθείας,
1880 1833 2151 1901 δείκνυσι
2196 1833 2375 1915 δῆθεν
2436 1836 2797 1928 Σαρακηνὸν

301 1952 706 2040 σπασάμενον
753 1951 824 2016 τὸ
851 1943 1022 2044 ξίφος
1073 1950 1177 2016 καὶ
1229 1945 1600 2017 ἀπειλοῦντα
1655 1949 1846 2040 αὐτῷ,
1900 1952 1959 2016 εί
2008 1951 2097 2039 μὴ
2133 1947 2349 2016 θᾶττον
2402 1945 2633 2028 ἐξέλθοι
2685 1951 2797 2017 τοῦ

301 2061 646 2146 σπηλαίου,
686 2065 880 2161 τάχος
913 2064 1132 2132 τούτου
1160 2066 1468 2156 ἐκτίμνειν
1501 2065 1616 2146 τὴν
1659 2061 1950 2159 κεφαλήν.
2008 2061 2257 2142 Δειλίας
2299 2067 2503 2132 τοίνυν
2546 2062 2796 2159 πλήρης

301 2182 636 2275 γενόμενος
662 2182 694 2248 ὁ
731 2182 880 2274 ἀνὴρ
909 2179 1145 2261 ἐκπηδᾶ
1168 2183 1278 2248 τοῦ
1311 2177 1764 2272 οπηλαίου,καὶ
1786 2181 1893 2248 τὸν
1919 2178 2075 2248 Θεὸν
2105 2180 2357 2248 ἱκετεύει
2382 2182 2453 2248 τὸ
2482 2181 2795 2276 συμφέρον

201 2319 269 2367 ⁴5
303 2298 594 2377 ποιῆσαι.
647 2295 768 2362 Καὶ
813 2295 892 2377 δὴ
951 2299 1338 2391 παραχρῆμα
1391 2297 1598 2390 φανεὶς
1641 2299 1810 2385 αὐτῷ
1869 2292 2135 2390 ἄγγελός
2190 2321 2342 2394 φησι
2405 2297 2560 2389 πρὸς
2611 2298 2795 2365 αὐτὸν

305 2619 552 2702 poculo
593 2637 809 2702 aquae
851 2619 1314 2686 necessitatem
1371 2619 1512 2685 sitis
1561 2619 1995 2703 restinguens
2038 2611 2465 2704 pugnamque
2510 2619 2800 2685 validam

307 2717 630 2786 continuo
683 2721 913 2784 contra
983 2718 1340 2784 daemones
1390 2737 1510 2801 per
1559 2719 1853 2801 impuras
1914 2719 2338 2801 cogitationes
2395 2718 2797 2784 debellantes

304 2817 679 2882 instituens.
711 2815 870 2883 Erat
888 2836 963 2883 re
993 2817 1264 2901 quidem
1298 2836 1459 2883 vera
1495 2817 1686 2900 quasi
1730 2819 2040 2884 terrestre
2079 2820 2353 2896 astrum,
2386 2817 2457 2882 in
2487 2816 2801 2900 spelunca

301 2914 645 2982 solitudini
700 2919 768 2982 et
834 2917 1156 2984 asceticae
1222 2916 1398 2982 vitae
1464 2935 1729 2996 vacans,
1778 2915 2043 3000 jejuniis
2100 2917 2425 2996 insistens,
2484 2935 2610 2982 nec
2664 2935 2800 2981 non

303 3013 736 3094 chameuniis,
805 3014 1174 3098 gemitibuS,
1242 3014 1475 3098 vigiliis
1549 3018 1617 3081 et
1679 3015 2006 3082 continuis
2070 3014 2653 3098 genuflexionibus,
2732 3020 2803 3080 et·

300 3111 725 3178 meditationi
770 3113 1134 3195 scripturae
1189 3111 1570 3195 inspiratae.
1632 3111 2262 3195 Quinquagesimum
2295 3111 2440 3196 jam
2494 3115 2673 3192 tunc,
2730 3111 2800 3177 ni

303 3208 520 3288 fallor,
535 3209 725 3274 -vitae
753 3209 990 3291 agebat
1019 3227 1268 3274 annum
1314 3208 1430 3294 (1),
1481 3227 1635 3275 cum
1679 3211 1999 3274 venerunt
2040 3205 2305 3292 plurimi
2347 3208 2436 3274 ad
2482 3227 2637 3273 eum
2688 3209 2801 3291 qui

299 3306 610 3391 adjuvari
633 3306 750 3391 [ab
777 3307 951 3392 ipso]
983 3309 1316 3393 cuperent.
1340 3307 1857 3390 Dispergebatur
1878 3307 2053 3374 enim
2076 3307 2161 3372 de
2183 3327 2261 3375 eo
2285 3307 2484 3386 fama,
2509 3308 2577 3373 et
2597 3325 2800 3373 unus-

299 3407 588 3491 quisque
627 3406 1044 3486 venientium,
1095 3405 1513 3473 diversarum
1563 3406 1990 3473 afflictionum
2037 3407 2265 3490 gratia,
2298 3406 2560 3472 animae
2590 3405 2801 3471 direc-

297 3507 556 3572 tionem
583 3508 653 3570 et
673 3505 1065 3572 conveniens
1086 3505 1499 3588 refrigerium
1531 3509 1842 3589 expertus
1870 3525 2022 3572 curn
2049 3505 2292 3588 gaudio
2318 3505 2796 3572 revertebatur.

385 3613 456 3672 9.
486 3603 793 3684 Quadam
839 3606 1068 3670 autem
1111 3607 1307 3670 nocte
1358 3605 1612 3670 timoris
1652 3604 1780 3687 ipsi
1822 3605 2246 3688 cogitationes
2282 3603 2566 3671 subiecit
2601 3603 2802 3671 fallax

301 3702 664 3790 [spiritus],
685 3707 756 3768 et
771 3705 1139 3787 praeterea,
1159 3722 1313 3770 cum
1331 3703 1650 3770 tenebrae
1673 3707 1890 3770 essent
1907 3704 2178 3786 spissae,
2200 3702 2489 3770 ostendit
2531 3703 2798 3788 quidem

300 3803 746 3869 sarracenum
777 3802 892 3887 (Ξ),
918 3803 1052 3887 qui,
1076 3801 1370 3868 districto
1398 3801 1634 3885 gladio,
1657 3801 2037 3868 minabatur
2055 3802 2199 3885 ipsi,
2219 3803 2347 3869 nisi
2376 3801 2566 3869 citius
2595 3803 2802 3868 exiret

303 3921 344 3967 e
386 3919 696 3986 caverna,
717 3903 942 3967 statim
965 3901 1106 3984 eJus
1129 3919 1203 3966 se
1225 3903 1727 3985 amputaturum
1757 3903 1973 3985 caput.
2000 3899 2267 3967 Timore
2292 3903 2485 3985 proin
2512 3901 2801 3985 repletus

300 4000 411 4065 vir
438 3999 676 4066 exsiliit
720 4019 756 4066 e
785 4019 1005 4085 specu,
1035 4003 1104 4066 et
1129 4000 1344 4066 Deum
1373 4000 1587 4066 oravit
1612 4002 1689 4068 ut
1718 4000 1898 4084 quod
1936 4000 2283 4084 prodesset
2310 3999 2621 4067 efficeret.
2649 3999 2801 4066 Ilico

309 4247 632 4314 Gotovicus,
677 4247 1044 4302 Itius-arium
1088 4247 1662 4316 Hierosolymitanum,
1704 4262 1755 4316 p.
1797 4247 1879 4313 92,
1920 4246 2038 4312 247,
2072 4251 2130 4300 et
2169 4247 2367 4312 Buhle,
2411 4248 2804 4303 Calendan'um

303 4331 656 4386 Palaestinae
686 4333 1098 4394 oeconomicum,
1125 4345 1179 4398 p.
1213 4329 1296 4394 45,
1319 4327 1566 4385 referunt
1601 4327 1939 4383 ceratoniam
1976 4327 2207 4398 siliquas
2246 4332 2498 4383 maturas
2538 4330 2804 4399 praebere

302 4427 503 4468 mense
516 4410 818 4483 septembri
835 4411 1074 4477 ineunte,
1089 4427 1295 4480 easque
1315 4410 1600 4466 abundare
1613 4411 1674 4465 in
1689 4411 1908 4465 deserto
1926 4411 2156 4465 Joannis
2172 4415 2229 4465 et
2250 4410 2309 4465 in
2326 4410 2512 4466 littore
2530 4411 2723 4468 Gazae.
2736 4438 2804 4452 -—

305 4496 382 4562 (1)
414 4494 631 4550 videsis
651 4510 799 4564 quae
826 4494 895 4548 'de
931 4493 1258 4548 chronotaxi
1283 4493 1430 4548 vitae
1453 4492 1628 4548 sancti
1669 4493 1940 4564 Theognii
1963 4493 2113 4548 dicta
2145 4495 2355 4548 suntin
2377 4493 2801 4564 prolegomenis.

304 4587 375 4634 n‘·
395 4577 448 4632 2.
484 4605 550 4618 —
588 4578 666 4644 (2)
699 4575 824 4631 Jam
851 4592 884 4630 a
925 4576 1111 4630 medio
1151 4576 1374 4630 saeculo
1415 4575 1491 4629 lv
1526 4575 1813 4630 Sarraceni
1850 4576 2198 4630 incurrerunt
2237 4575 2297 4630 in
2340 4575 2727 4642 Palaestinam,
2750 4581 2806 4631 et

305 4658 834 4729 depraedationibus
883 4657 1156 4713 terribiles
1206 4657 1389 4712 effecti
1435 4673 1700 4726 magnum
1742 4657 1999 4712 timorem
2044 4656 2134 4712 vel
2174 4658 2295 4712 solo
2344 4662 2571 4726 aspectu
2610 4657 2805 4713 incolis

305 4741 625 4798 iniciebant.
649 4740 758 4795 Cfr.
794 4740 1034 4794 Socratis
1058 4739 1336 4807 Hist.,1V,
1360 4740 1456 4801 36;
1485 4739 1792 4804 Sozomeni‚
1818 4739 1908 4800 vl,
1934 4739 2025 4804 38;
2049 4739 2359 4809 Nicephori,
2394 4739 2481 4805 XI,
2504 4741 2603 4797 462
2625 4739 2805 4795 Theo-

309 4823 514 4893 phanis
537 4824 610 4879 ad
634 4838 763 4878 ann.
787 4822 912 4878 Chr.
941 4823 1058 4878 369.
