3425 5584
613 434 752 509 120
1238 454 1568 508 INVENTIO
1619 454 1969 509 conroms
2016 454 2078 508 ε.
2131 454 2485 507 momm.

605 648 966 715 admonuit.
1011 646 1214 729 Igitur
1239 646 1415 711 hunc
1439 644 1851 711 Antoninum
1880 646 2240 727 martyrem
2268 642 2508 711 Christi
2530 644 2751 709 ferunt
2779 644 3070 728 quodam

602 751 900 831 tempore
925 745 1346 812 Placentinae
1396 743 1579 811 urbis
1621 743 1865 810 finibus
1908 761 2243 826 egressum
2287 747 2487 827 atque
2531 742 2879 810 orientales
2922 763 3072 827 per-

603 847 914 913 transisse
942 844 1330 929 provincias,
1359 843 1700 927 multaque
1748 843 1775 882 ⁸
1804 843 1875 908 in
1918 841 2169 908 eisdem
2196 843 2545 927 provinciis
2578 862 2729 909 eum
2757 844 3073 910 miracula

601 946 830 1012 fecisse
856 945 886 985 ⁴·
913 945 1238 1029 scriptum
1264 943 1706 1027 repperimus;
1738 941 2023 1026 denique
2066 942 2317 1007 socium
2345 942 2543 1008 fuisse
2572 942 2748 1008 beati
2788 942 3073 1009 Maur-itii

598 1044 906 1128 martyris
932 1047 998 1110 et
1025 1044 1053 1085 ⁸
1082 1061 1163 1109 ex
1192 1041 1487 1110 eiusdem
1529 1040 1801 1125 legionis
1830 1041 2079 1121 ordine,
2109 1041 2222 1124 qui
2247 1060 2369 1124 pro
2398 1041 2655 1107 Christo
2686 1042 3072 1125 sanguinem
3105 1058 3137 1107 s

601 1143 874 1209 fundere
894 1144 1272 1209 meruerunt
1294 1141 1341 1221 ⁶,
1365 1143 1783 1207 attestantur.
1808 1138 2109 1223 Cumque
2134 1143 2400 1206 sanctus
2426 1142 2769 1225 episcopus
2792 1140 3071 1207 Savinus

599 1241 986 1326 evigilasset,
1015 1260 1241 1307 secum
1267 1240 1298 1279 ¹
1318 1240 1582 1306 volvere
1610 1238 1829 1323 coepit
1858 1238 2178 1323 quidnam
2207 1238 2367 1305 haec
2394 1239 2556 1305 visio
2576 1240 2883 1322 signaret,
2898 1258 3072 1323 quae

597 1340 721 1407 sibi
779 1341 995 1407 fuerat
1041 1342 1325 1406 ostensa.
1388 1339 1562 1404 Dum
1622 1341 1845 1404 autem
1879 1338 2061 1403 haec
2111 1338 2309 1403 corde
2357 1338 2647 1419 rimaret,
2701 1338 3073 1423 fugatisque

595 1440 884 1505 tenebris
913 1440 1126 1505 noctis
1153 1438 1205 1519 ⁸,
1228 1438 1525 1522 protinus
1553 1436 1667 1503 lux
1697 1435 1825 1503 diei
1855 1436 2140 1502 emicuit.

676 1537 966 1621 Surgens
1007 1536 1231 1621 itaque
1279 1555 1477 1603 mane
1519 1535 1827 1602 sacerdos
1876 1553 2106 1602 omnes
2154 1534 2529 1601 sacerdotes
2566 1541 2634 1602 et
2678 1535 2911 1603 levitas
2952 1556 3075 1605 seu
3110 1550 3174 1601 ιο

592 1637 838 1720 primos
866 1636 1146 1703 civitatis
1186 1636 1273 1702 ad
1315 1656 1388 1702 se
1425 1636 1648 1703 venire
1675 1635 2007 1719 praecepit
2052 1638 2119 1701 et
2160 1653 2465 1719 quaeque
2500 1634 2624 1700 sibi
2655 1654 2777 1717 per·
2806 1636 3019 1703 visum
3046 1636 3075 1676 ⁹

597 1737 858 1803 fueram
905 1735 1083 1802 dicta
1137 1735 1446 1801 omnibus
1499 1734 1839 1818 patefecit3
1893 1734 2053 1818 quid
2112 1733 2352 1800 vellent
2412 1734 2673 1817 quodve
2729 1735 3073 1802 consilium

597 1835 831 1901 darent
860 1834 1190 1918 expetivit.
1218 1828 1406 1899 Tunc
1447 1832 1739 1899 universi
1780 1833 1896 1918 qui
1938 1833 2215 1899 aderant
2257 1832 2615 1899 immensas
2657 1833 2885 1900 laudes
2926 1853 3075 1919 gra-

597 1934 854 2017 tiasque
880 1933 1238 1999 referentes
1267 1933 1428 2013 Deo,
1449 1931 1545 1999 -ad
1572 1932 1791 1999 locum
1836 1936 2139 1999 sanctum
2182 1932 2252 1997 in
2282 1950 2413 2015 quo
2456 1951 2693 2015 corpus
2720 1931 2975 1999 latebat
3002 1937 3075 1999 ut
3162 2016 3173 2025 ·

598 2031 1057 2099 ardentissimo
1103 2032 1324 2097 animo
1366 2049 1725 2115 properare
1794 2031 2051 2097 iuberet
2121 2030 2571 2110 exhortantur,
2640 2033 2708 2096 et
2770 2034 3073 2098 sanctum
3114 2044 3173 2093 ¹5

597 2130 830 2215 pignus
859 2129 1039 2213 quod
1061 2148 1180 2213 per
1209 2128 1423 2195 visum
1448 2129 1813 2195 revelatum
1838 2128 2072 2207 fuerat,
2100 2128 2567 2212 inquirendum
2596 2128 2927 2219 festinant.
2966 2129 3076 2196 Sic
3131 2176 3135 2180 -

599 2227 882 2311 denique
947 2232 1210 2293 sanctus
1266 2228 1612 2312 episcopus
1663 2246 1815 2293 cum
1871 2227 2131 2311 hymnis
2204 2232 2270 2292 et
2338 2228 2609 2294 canticis
2674 2228 3073 2311 spiritalibus

599 2327 940 2410 turbisque
961 2326 1352 2411 populorum
1376 2326 1464 2392 ad
1484 2326 1700 2392 locum
1722 2326 2015 2392 accessit.
2038 2325 2307 2404 Deinde,
2332 2326 2507 2392 facta
2530 2327 2848 2406 oratione,
2882 2328 3072 2411 quasi

599 2426 882 2493 duarum
925 2426 1237 2491 horarum
1265 2425 1480 2509 spatio
1508 2425 1807 2491 certatim
1836 2425 2143 2490 manibus
2188 2428 2435 2490 terram
2476 2425 2818 2506 effodiunt,
2864 2431 3073 2492 retec-

597 2528 870 2608 tumque
919 2527 1219 2591 sanctum
1262 2542 1498 2607 corpus
1547 2523 1874 2609 aspiciunt
1899 2527 1987 2589 et.
2012 2523 2180 2589 sicut
2235 2522 2321 2589 ab
2373 2524 2681 2608 episcopo
2723 2524 3073 2592 audierant
3108 2536 3170 2588 ιο

597 2624 802 2702 oculis
851 2625 1144 2689 cernunt.
1187 2621 1484 2706 Cumque
1533 2641 1686 2688 eum
1734 2621 2039 2687 manibus
2082 2624 2461 2701 tractarent,
2489 2622 2577 2688 ad
2618 2622 3073 2689 testimonium

596 2723 807 2789 sancti
844 2721 1172 2806 martyriS,
1201 2724 1386 2805 gutta
1427 2720 1764 2803 sanguinis
1808 2740 1891 2786 ex
1932 2720 2166 2786 eodem
2214 2738 2483 2803 corpore
2526 2720 2857 2804 profluxit.
2900 2720 3070 2788 Cum

597 2821 822 2906 itaque
871 2822 1128 2891 tantum
1177 2839 1346 2885 unus
1375 2820 1636 2885 adesset
1691 2817 1926 2885 beatus
1960 2818 2242 2884 Savinus
2286 2820 2651 2903 episcopuS,
2681 2838 2765 2885 ex
2822 2819 3068 2904 impro-

597 2921 738 2987 viso
771 2920 822 2959 ¹⁰
850 2938 968 2985 sex
1007 2918 1340 2985 affuerunt
1386 2917 1697 3002 episcopi,
1727 2920 1804 2983 ut
1840 2917 2049 2983 sancti
2079 2917 2323 2983 funeris
2354 2918 2667 3001 exequias
2690 2918 3071 2987 sollenniter

595 3018 1022 3086 celebrarent.
1065 3017 1386 3083 Levantes
1433 3017 1668 3099 itaque.
1708 3019 2013 3082 sanctum
2057 3034 2313 3099 corpuS,
2360 3016 2447 3081 ad
2491 3017 2829 3084 basilicam
2858 3017 3070 3085 sancti
3105 3030 3169 3079 π

593 3116 870 3184 Victoris
927 3116 1216 3201 episcopi
1266 3121 1334 3181 et
1381 3116 1769 3182 confessoris
1820 3115 2067 3181 elatum
2125 3108 2503 3182 detulerunt
2556 3120 2757 3199 atque
2806 3118 2873 3183 in
2928 3118 3071 3185 eius

595 3216 968 3300 sepulcrum
990 3215 1189 3298 digno
1212 3214 1644 3281 condiderunt
1664 3213 2243 3297 honore.Denique
2266 3216 2471 3279 fertur
2483 3218 2557 3280 ut
2579 3215 2815 3282 beatus
2830 3216 3071 3296 Victor,

594 3316 753 3381 dum
781 3313 1002 3379 adhuc
1027 3314 1096 3379 in
1134 3314 1260 3379 hac
1300 3313 1436 3379 vita
1475 3314 1731 3396 positus
1761 3316 1956 3393 esset,
2002 3332 2123 3396 per
2148 3311 2467 3395 Spiritum
2512 3314 2637 3379 hoc
2679 3314 3072 3397 mysterium

595 3412 984 3498 praevidens
1041 3411 1313 3478 dixisset
1375 3434 1393 3477 z
1437 3409 1590 3475 Post
1633 3430 1841 3476 ‚neum
1889 3414 2129 3497 quoque
2170 3409 2403 3476 obitum
2449 3412 2664 3476 maior
2706 3432 2805 3476 me
2843 3414 2917 3477 in
2954 3412 3071 3479 hoc

594 3512 836 3577 tumulo
864 3512 1126 3597 quiescet
1137 3534 1168 3595 ;
1208 3510 1390 3593 quod
1417 3529 1592 3576 nunc
1619 3510 1715 3575 rei
1742 3510 2049 3593 probavit
2078 3514 2370 3576 eventus.
2410 3510 2647 3593 Sicque
2691 3511 2939 3577 factum
2968 3515 3085 3579 est·
3104 3530 3167 3582 30

592 3614 669 3677 ut
688 3610 998 3694 episcopi,
1023 3610 1135 3693 qui
1172 3630 1253 3675 ex
1291 3610 1643 3692 improviso
1686 3608 2033 3689 affuerant,
2058 3609 2276 3676 subito
2299 3609 2725 3690 discedenteS,
2739 3628 3070 3693 nusquam

593 3712 1145 3794 comparuerunt3
1195 3708 1373 3775 unde
1415 3709 1751 3775 venissent
1791 3713 1907 3775 aut
1952 3727 2083 3791 quo
2113 3708 2321 3775 issent
2350 3709 2469 3773 soli
2501 3709 2641 3775 Deo
2669 3714 2901 3775 notum
2950 3714 3067 3789 est,

592 3808 894 3875 homines
927 3808 976 3847 ¹¹
1005 3826 1158 3873 vero
1185 3806 1445 3891 penitus
1475 3807 1652 3887 latet,
1681 3807 1925 3891 quippe
1954 3804 2112 3891 quia
2142 3807 2555 3890 omnipotens
2587 3807 2763 3873 Deus
2800 3814 3071 3892 propter

593 3908 909 3991 exequias
969 3907 1278 3990 martyris
1328 3905 1428 3971 sui
1493 3905 1869 3971 sollenniter
1912 3906 2341 3972 celebrandas
2384 3907 2581 3972 misit.
2628 3906 2800 3985 Quin
2844 3906 3069 3991 potius

593 4010 666 4073 ut
695 4006 894 4072 fidem
922 4005 1111 4071 daret
1140 4005 1571 4083 credentibuS,
1615 4004 2175 4088 quemadmodum
2204 4005 2489 4071 interris
2520 4007 2726 4071 sancti
2758 4006 3067 4091 martyris
3102 4024 3166 4075 3³

591 4106 693 4172 sui
711 4094 929 4171 'funus
959 4103 1271 4169 Antonini
1311 4103 1504 4186 digno
1543 4103 1772 4169 ditavit
1829 4103 2096 4181 honore,
2128 4104 2219 4169 ita
2260 4105 2329 4168 in
2380 4104 2768 4171 caelestibus
2811 4104 3067 4186 gaudiis

593 4208 662 4271 et
704 4203 917 4271 choris
959 4201 1338 4286 angelorum
1382 4202 1449 4267 in
1477 4192 1877 4286 perpetuum
1900 4201 2192 4269 sociavit.
2222 4202 2424 4268 Gesta
2451 4208 2609 4268 sunt
2636 4206 2861 4269 autem
2898 4203 3067 4271 haec

592 4302 700 4369 die
729 4302 876 4368 idus
905 4300 1313 4378 NovembriS,
1341 4302 1656 4384 regnante
1699 4299 1777 4365 D.
1806 4298 1885 4365 N.
1913 4299 1969 4365 J.
1998 4298 2070 4366 C.
2254 4291 2263 4299 ’

590 4499 1039 4569 —⁸multasque
1063 4500 1245 4555 1.—⁴
1280 4476 1552 4553 vidisset.
1581 4498 1721 4553 2.-
1748 4496 3067 4571 ⁸0m.1.—⁸(f.m.)m.f.2.-'secumqu02.

589 4612 655 4624 -·
677 4583 703 4619 ⁸
725 4584 790 4651 (t.
809 4588 880 4639 n.)
904 4597 961 4638 n.
990 4588 1029 4637 t.
1050 4582 1100 4638 2.
1121 4609 1190 4622 —
1205 4582 1230 4619 ⁹
1251 4581 1320 4649 (s.
1339 4596 1396 4651 p.
1417 4581 1492 4648 v.)
1514 4596 1567 4650 p.
1589 4596 1640 4635 v.
1663 4596 1708 4635 s.
1731 4579 1781 4635 2.
1803 4611 1872 4622 —
1894 4580 1945 4616 ¹⁰
1957 4578 2261 4650 improvisu
2277 4580 2325 4636 Β.
2342 4612 2411 4623 -—
2434 4582 2481 4617 ¹¹
2497 4581 2819 4648 hominibus
2844 4582 2888 4637 1.
