3425 5584
636 433 787 506 400
1754 449 2001 504 ussto

637 648 726 708 est
765 641 916 708 deos
959 639 1168 708 colere.
1216 640 1529 725 Aquilino.
1569 639 1775 706 dicit:
1828 637 1918 705 Et
1954 637 2181 725 quibus
2205 638 2336 704 diis
2350 638 2539 723 jubes
2558 659 2665 704 me
2685 640 3059 724 saa-ifioare
3086 645 3129 704 ,²

637 741 876 808 Decius
919 741 1077 807 dicit
1119 763 1136 806 ε
1191 739 1504 824 Sacrifica
1547 737 1834 822 Herculi,
1884 737 2037 804 Jovi
2084 745 2143 803 et
2180 737 2490 822 Apollini.
2536 739 2848 822 Aquilina
2894 739 3059 806 dicit
3106 763 3127 806 ε

639 839 881 906 Fidens
908 841 1038 904 tuis
1055 841 1431 924 praeceptis,
1473 838 1808 903 immolare
1848 837 2047 902 debeo.
2093 836 2325 903 Decius
2369 836 2528 903 dicit
2572 858 2589 902 t
2638 837 2818 904 Sicut
2855 841 3127 924 sapiens

637 939 868 1004 mulier
890 938 1079 1023 facis.
1110 939 1192 1004 Et
1212 937 1407 1022 jussit
1435 936 1820 1003 linteamina
1843 954 2087 1019 magna
2116 954 2157 1001 a
2186 935 2435 1020 palatio
2458 955 2669 1021 usque
2688 937 2775 1003 ad
2792 939 3125 1022 templum

639 1038 944 1122 expandi,
973 1042 1048 1103 ut
1090 1057 1287 1124 super
1316 1036 1706 1116 ambularet,
1737 1039 1805 1102 et
1831 1027 2263 1102 odoramenta
2302 1035 2564 1102 diversa
2606 1057 2916 1121 spargere
2958 1043 3127 1104 ante
3158 1053 3195 1102 ι

606 1189 610 1194 .
639 1137 838 1217 illam,
861 1142 927 1204 et
952 1155 1312 1222 praecones
1335 1140 1490 1202 ante
1512 1155 1660 1201 eam
1683 1135 1972 1201 clamare
1992 1139 2059 1200 et
2080 1134 2341 1201 dicere:
2362 1135 2698 1220 Aquilino,
2720 1139 3125 1204 amioissima

641 1235 926 1317 deorum,
968 1233 1255 1301 immolat
1297 1235 1460 1301 dns
1428 1285 1452 1320 ,
1500 1254 1712 1300 omnes
1754 1234 2426 1318 convenite.1ngressa
2453 1236 2721 1302 autem
2702 1255 2770 1302 m
2794 1237 3127 1320 templum

641 1335 984 1416 idolorum,
1016 1334 1185 1402 dixit
1212 1333 1634 1402 adstantibus
1656 1333 1961 1419 populis.
1990 1331 2349 1419 Respieite·
2319 1354 2392 1398 in
2412 1354 2511 1398 me
2534 1341 2592 1398 et
2612 1333 2702 1398 ad
2726 1333 3127 1418 sacrificium

633 1434 808 1521 quod
853 1435 1164 1518 sacrifico.
1205 1433 1590 1500 Ascendens
1633 1436 1858 1498 autem
1904 1432 1973 1497 in
2021 1432 2233 1498 locum
2273 1432 2388 1498 ubi
2430 1433 2697 1499 stabant
2745 1434 3126 1514 simulacra,

637 1533 796 1602 dicit
837 1533 924 1599 ad
951 1533 1372 1600 simulacrum
1400 1531 1624 1599 sovis-
1607 1581 1624 1597 .
1655 1529 1836 1597 Deus
1876 1551 1941 1596 es
1992 1537 2062 1596 tu
2078 1529 2115 1595 ἓ
2148 1531 2230 1598 Et
2268 1550 2402 1597 non
2431 1527 2595 1598 dix1t
2623 1532 2685 1598 ei
2712 1533 3012 1600 verbum.
3040 1535 3127 1600 Et
3160 1545 3225 1596 ιο

639 1633 879 1700 iterum
909 1633 1067 1699 dicit
1097 1654 1114 1698 ε
1153 1631 1440 1717 Loquere
1478 1628 1656 1713 mihi,
1698 1632 1761 1695 si
1787 1650 1929 1696 vere
1955 1630 2110 1696 deus
2136 1649 2219 1696 es.
2248 1631 2770 1696 Amineamm·
2786 1654 2810 1696 .·
2834 1632 2997 1717 quid
3020 1635 3125 1700 vis

639 1739 710 1797 ut
725 1732 973 1815 faciam
988 1729 1022 1795 ‚2
1036 1732 1118 1798 Et
1143 1751 1278 1798 non
1300 1736 1443 1797 erat
1469 1749 1599 1797 vox
1617 1749 1836 1821 neque
1864 1749 2270 1814 responsum.
2292 1731 2551 1796 Ancilla
2575 1749 2733 1796 vero
2762 1730 2883 1797 Dei
2912 1732 3072 1798 dicit
3102 1755 3123 1799 ε

658 1830 792 1897 Vae
815 1830 978 1896 mihi
993 1831 1382 1914 peccatrici!
1417 1829 1588 1895 Irati
1615 1836 1765 1895 sunt
1792 1831 1946 1915 quia
1965 1823 2203 1912 offendi
2226 1849 2345 1894 eos.

730 1937 842 1996 16.
873 1929 1264 1996 Sacerdotes
1293 1948 1448 1995 vero
1476 1929 1824 1994 dixerunt:
1854 1927 2205 2011 Paenitere,
2226 1935 2284 1993 et
2308 1948 2581 2013 maynus
2600 1929 2753 1995 deus
2773 1929 3123 2015 Jovispro-

631 2032 899 2115 pitietur
948 2027 1076 2093 tibi.
1125 2027 1310 2107 Quae
1355 2028 1632 2093 irridens
1677 2027 1871 2093 dicit:
1923 2026 2179 2112 Royabo
2223 2047 2341 2111 eos,
2378 2048 2457 2092 ne
2492 2027 2657 2111 forte
2694 2029 3125 2114 propitientur
3161 2048 3227 2097 ιι

630 2134 886 2214 peccato
918 2148 1068 2192 meo.
1095 2127 1178 2192 Et
1202 2121 1367 2193 haec
1395 2126 1637 2206 dicens,
1668 2125 1817 2192 tulit
1844 2145 2316 2212 zonamsuam3
2360 2130 2427 2192 et
2460 2127 2801 2193 sudarium
2842 2129 3123 2194 circum-

641 2227 862 2312 posuit
888 2226 1310 2292 simulacrum
1329 2225 1525 2302 Jovis,
1548 2226 1722 2291 etad
1752 2245 1824 2291 se
1847 2244 2099 2304 eruam,
2125 2225 2359 2309 dejecit
2380 2225 2593 2304 illum3
2618 2226 3000 2311 factumque
3020 2231 3125 2294 aet

645 2325 804 2392 illud
832 2326 1056 2391 statim
1085 2329 1158 2390 ut
1179 2324 1450 2390 harena.
1484 2324 1771 2390 Currens
1798 2329 2022 2390 autem
2065 2324 2154 2390 ad
2189 2323 2576 2406 Apollinem,
2620 2325 2815 2392 dicit:
2858 2326 2983 2392 Isti
3023 2327 3127 2391 dii

644 2425 998 2504 dormiunt,
1013 2443 1144 2488 non
1173 2424 1456 2508 viqilant,
1477 2429 1548 2487 ut
1575 2443 1783 2488 servos
1804 2443 1951 2488 suos
1964 2425 2264 2508 proprios
2281 2443 2407 2488 non
2430 2425 2797 2490 madiani.
2809 2425 3125 2493 Similiter

645 2528 710 2589 et
735 2523 888 2589 huic
915 2523 1376 2606 circumposuit
1407 2527 1474 2587 et
1501 2522 1734 2606 dejecit
1762 2521 1961 2601 illum,
1992 2525 2059 2588 et
2086 2522 2327 2589 fractus
2350 2528 2450 2589 est
2476 2524 2546 2588 in
2579 2526 2714 2589 tres
2740 2529 2961 2608 partes
2988 2549 3007 2602 ς
3046 2529 3126 2591 ut
3161 2543 3223 2593 υ

642 2642 874 2688 omnes
903 2622 1204 2688 videntes
1235 2621 1564 2688 dicerent:
1602 2622 1656 2685 Ο
1683 2621 1965 2686 andacia
2000 2620 2309 2704 mulieris,
2336 2641 2497 2707 qnae
2536 2642 2661 2686 non
2702 2624 2915 2688 timuit
2939 2623 3125 2694 ,talia

648 2721 1020 2786 simulacra.
1043 2721 1125 2786 Et
1154 2720 1310 2786 dicit
1338 2721 1425 2785 ad
1467 2720 1860 2786 Herculem:
1888 2721 2183 2785 Accelera
2207 2740 2458 2807 qressus
2479 2727 2639 2802 tuos,
2677 2723 2739 2786 si
2762 2721 2917 2787 deus
2940 2743 3007 2788 es
3033 2731 3125 2807 tu,

643 2841 722 2885 ne
747 2827 804 2885 te
819 2819 1216 2904 interficiam.
1233 2819 1314 2884 Et
1335 2821 1623 2898 exiliens,
1638 2818 2149 2904 circumplexata
2176 2824 2275 2886 est
2294 2820 2601 2886 manibus
2628 2822 2764 2886 suis
2783 2821 3037 2888 idolum
3056 2829 3129 2889 et

648 2920 884 3003 dejecit
924 2919 1128 2986 illum.
1152 2919 1234 2985 Et
1275 2920 1431 2985 dicit
1459 2919 1875 2985 adstantibus
1918 2919 2219 3003 populis:
2263 2918 2487 2984 Vocate
2514 2919 2801 3003 medicos,
2822 2929 2879 2986 et
2904 2930 3127 2988 curent

643 3018 790 3085 deos
807 3024 1057 3084 vestros.
1088 3019 1170 3084 Et
1196 3017 1435 3085 iterum
1465 3019 1648 3085 dicit:
1684 3018 1814 3084 Vae
1835 3021 2050 3104 qeneri
2066 3018 2368 3100 humano,
2394 3021 2593 3105 quiin
2614 3026 2853 3086 terrore
2868 3024 3125 3104 positus
3156 3036 3227 3087 Β

641 3125 730 3184 est
758 3117 1155 3182 daemonum.
1196 3117 1382 3183 Beati
1415 3122 1638 3183 autem
1678 3117 1917 3184 milites
1944 3119 2151 3202 gavisi
2178 3122 2331 3188 sunt
2357 3119 2569 3185 valde.
2600 3119 2915 3186 Diabolus
2943 3140 3123 3200 vero,

643 3216 873 3283 videns
899 3236 974 3282 se
993 3217 1212 3300 ipsum
1243 3216 1550 3294 derisum,
1579 3217 1787 3282 iratus
1809 3221 1911 3282 est
1930 3216 2381 3284 sacerdotibus
2403 3218 2559 3297 suiS‚
2582 3218 2830 3286 dicens:
2866 3219 2949 3286 Ut
2968 3221 3127 3306 quid

642 3314 802 3380 mihi
817 3314 932 3380 hoe
954 3314 1194 3399 fecistis
1222 3313 1255 3378 ‚2
1279 3314 1362 3380 Ut
1387 3315 1543 3401 quid
1569 3315 1924 3398 maleficam
1952 3317 2145 3381 istam
2170 3316 2518 3381 induxistis
2544 3315 2750 3383 mihi?
2786 3317 3123 3403 Surymtes

645 3415 839 3480 tollite
865 3434 999 3478 eam
1025 3421 1081 3478 et
1095 3412 1418 3497 perducite
1443 3434 1581 3479 eam
1606 3413 1697 3478 ad
1723 3434 1946 3500 reqm,
1967 3421 2039 3502 nt
2060 3435 2199 3479 eam
2218 3415 2446 3498 perdat
2472 3417 2585 3502 (1).

732 3522 847 3583 1,·1.
877 3511 1066 3578 Tunc
1086 3517 1426 3595 surgentes
1457 3513 1831 3602 sacerdotes
1855 3513 2430 3598 adprehenderunt
2450 3535 2601 3582 eam
2622 3519 2689 3581 et
2708 3518 3126 3600 protulerunt
3158 3537 3221 3590 ³⁰

645 3631 790 3679 eam
823 3611 913 3678 ad
931 3629 1176 3696 regem,
1206 3611 1536 3679 dicentes:
1579 3611 1773 3678 Hanc-
1812 3615 2115 3678 insanam
2158 3618 2229 3678 ut
2276 3613 2434 3700 quid
2480 3613 2658 3680 nobis
2697 3614 2799 3680 hic
2840 3619 3075 3683 misisti
3095 3617 3133 3681 ἓ

645 3713 796 3797 quia
824 3731 1086 3797 maqnos
1121 3711 1267 3776 deos
1293 3713 1679 3795 comminuit,
1703 3719 1759 3777 et
1792 3715 2009 3778 sinon
2038 3715 2447 3779 tenuissemus
2475 3734 2634 3793 earn,
2663 3735 2881 3780 unum
2906 3715 2984 3782 de
3022 3717 3126 3782 his

643 3827 772 3872 non
800 3807 1155 3872 dimisisset.
1182 3807 1370 3873 Tunc
1399 3808 1555 3874 dicit
1575 3809 1634 3874 ei
1657 3828 1773 3875 rex
1797 3831 1815 3874 t
1848 3808 2076 3874 Nonne
2094 3811 2459 3875 consensisti
2476 3809 2654 3895 mihi,
2676 3811 2852 3877 mala
2874 3813 3125 3897 mulier,

643 3908 978 3972 immolare
1017 3905 1144 3971 diis
1169 3905 1204 3970 12
1233 3905 1314 3972 Et
1357 3906 1514 3973 dicit
1555 3903 1652 3973 eit
1707 3909 1762 3972 Ο
1787 3929 1919 3989 rex,
1942 3910 2105 3974 sicut
2131 3912 2405 3994 oportuit
2431 3911 2776 3977 immolavi.
2808 3911 2886 3977 Si
2910 3920 3127 3978 autem

643 4007 758 4088 vis,
771 4007 1065 4090 permitte
1085 4025 1202 4087 me,
1223 4012 1298 4070 ut
1325 4004 1537 4071 ceteris
1557 4007 1871 4073 immolem
1899 4008 2009 4093 (2).
3159 4031 3227 4084 ³5

733 4111 847 4171 18.
879 4102 1065 4169 Tunc
1107 4103 1384 4170 nimium
1413 4105 1618 4170 iratus
1649 4108 1751 4170 est
1783 4125 1915 4184 rein,
1940 4109 2005 4171 et
2025 4106 2221 4190 jussit
2248 4107 2553 4174 subulam
2595 4108 2837 4175 adferri
2862 4115 2931 4176 et
2954 4114 3128 4177 tere-

645 4203 823 4268 brari
849 4202 1223 4268 calcaneum
1257 4203 1416 4285 ejus,
1461 4207 1534 4268 ut
1575 4196 1787 4288 u'sque
1829 4204 1917 4269 ad
1958 4205 2297 4289 scapulam
2327 4202 2720 4289 penetraret,
2751 4212 2819 4275 et
2850 4209 2947 4274 sic
2974 4229 3129 4276 eam

644 4301 978 4385 suspendi,
1001 4305 1065 4367 et
1094 4301 1258 4366 duos
1280 4300 1532 4384 lapides
1564 4303 1846 4369 molares
1874 4304 2163 4388 adpendi
2191 4305 2277 4371 ad
2306 4306 2508 4389 pedes
2538 4306 2680 4391 ejus
2714 4312 2783 4373 et
2808 4295 3015 4376 unum
3058 4311 3131 4375 in

645 4400 810 4467 collo
855 4400 1015 4484 ejuS.
1045 4398 1230 4479 Quae
1273 4400 1631 4484 respiciens
1677 4402 1926 4470 famula
1976 4402 2095 4468 Dei
2136 4407 2363 4471 sancto
2407 4404 2877 4489 christophoro
2926 4408 3129 4475 dicit:

645 4498 966 4586 Deprecor
994 4505 1068 4590 te,
1092 4498 1336 4582 famule
1367 4499 1512 4583 Dei,
1541 4521 1660 4564 ora
1679 4520 1809 4584 pro
1838 4521 1955 4586 me,
1984 4504 2137 4588 quia
2166 4501 2401 4580 laboro.
2430 4503 2858 4572 Beatissimus
2900 4512 3131 4575 autem
3164 4523 3227 4579 to

713 4733 785 4798 (1)
808 4730 960 4785 Haec
981 4735 1112 4786 sunt
1133 4721 1480 4801 interpolata,
1504 4731 1707 4787 absunt
1727 4747 1860 4788 vero
1884 4733 1941 4788 in
1964 4749 2177 4804 graeco.
2198 4761 2267 4774 —
2288 4735 2363 4803 (2)
2388 4734 2627 4791 Graecus
2647 4735 2927 4806 longiores
2946 4739 3133 4798 multo

644 4814 856 4884 profert
875 4812 984 4868 hos
1003 4829 1304 4869 sermones.
