3425 5584
227 692 258 725 *
275 693 386 747 cod.

142 760 477 836 πνευμάτικα

552 473 650 550 82
1454 492 1645 546 mn
1690 491 1755 547 s,
1807 489 2143 544 mooun

553 692 1049 785 κοσμοκράτορας
1072 691 1183 758 τοῦ
1210 690 1463 766 σκότους
1489 687 1594 754 καὶ
1623 689 1704 754 τὰ
1728 685 2051 777 πνεύματα
2073 683 2332 766 τὰ”τῆς
2364 686 2664 778 πονηρίας
2680 687 2715 752 ὁ
2743 681 3023 765 εὐτελὴς,

554 808 792 900 οἰκτρός
814 832 886 874 τε
908 807 1012 872 καὶ
1038 805 1332 897 ἀκτήμων
1368 803 1612 882 ἔτυπτε,
1646 801 2032 890 συνεπόδιζε,
2070 803 2175 869 καὶΙ
2200 803 2437 886 ἐπάτει,
2454 803 2558 869 καὶ
2583 799 3028 898 ᾐχμαλώτευε.

956 1033 994 1118 g
1044 1034 1098 1098 1.
1129 1068 1210 1081 -
1253 1039 1358 1098 De
1397 1035 1560 1096 vita
1599 1033 1924 1098 ascetica.
1966 967 2616 1108 mctfneognn.

655 1221 726 1294 5,
761 1216 1058 1308 Πατρίδος
1109 1219 1284 1295 οὗτος
1327 1221 1442 1301 τῆς
1477 1215 1903 1294 Καππαδοκῶν
1958 1215 2239 1310 ὑπῆρχεν
2275 1240 2289 1254 ·
2342 1218 2405 1306 ἐν
2456 1214 2658 1309 ἐκείνῃ
2694 1218 2789 1310 τῇ
2824 1212 3033 1308 χώρᾳ,

553 1339 797 1408 παιδίον
832 1332 945 1422 ὢν,
975 1336 1047 1402 τὸ
1083 1333 1408 1427 μοναδικὸν
1457 1328 1860 1426 περιεβάλετο
1896 1328 2150 1422 ἔνδυμαζ
2207 1327 2401 1398 Ἔνθα
2434 1327 2761 1422 διατρίψας
2812 1329 3037 1423 χρόνον
3072 1364 3107 1415 5

554 1458 694 1523 τινὰ
726 1459 788 1523 ἐν
823 1451 1060 1546 ἡσυχίᾳ
1086 1450 1188 1516 καὶ
1219 1455 1298 1546 τῇ
1327 1448 1644 1544 πρεπούσῃ
1676 1449 1978 1542 μοναχοῖς
2004 1451 2254 1543 ἀγωγῇ,
2296 1446 2525 1526 ἀκήκοε
2555 1446 2664 1512 τοῦ
2691 1429 2855 1513 Θεοῦ
2882 1445 3036 1537 πρὸς

556 1570 834 1662 Ἀβραὰμ
883 1566 989 1634 τὸν
1021 1565 1416 1659 πατρίαρχην
1451 1568 1513 1630 ἐν
1539 1569 1617 1660 τῇ
1644 1569 1853 1660 γραφῇ
1888 1559 2206 1657 λέγοντος.
2256 1583 2292 1630 α
2338 1555 2597 1638 Ἔξελθε
2632 1564 2701 1628 ἐκ
2748 1563 2866 1641 τῆς
2915 1563 3039 1664 γῆς

557 1685 815 1764 commi.
849 1687 916 1751 ἐκ
949 1684 1063 1762 τῆς
1099 1681 1456 1775 συγγενείας
1483 1679 1747 1762 σου,κα“ι
1782 1678 1958 1771 δεῦρο
1993 1681 2080 1755 εἰς
2114 1680 2235 1772 γῆν
2274 1678 2353 1756 ἣν
2395 1674 2472 1743 ἄν
2498 1701 2601 1743 σοι
2624 1671 2805 1754 δείξω
2833 1699 2903 1745 »ι
2924 1675 3043 1742 Καὶ
3070 1699 3075 1702 ·

558 1801 636 1881 δὴ
685 1799 1056 1893 παραυτίκα,
1098 1797 1182 1874 ὡς
1231 1797 1413 1872 αὐτὸς
1465 1792 1808 1872 κελευσθεὶς
1841 1779 2023 1860 τοῦτο
2070 1795 2297 1870 ποιεῖν,
2352 1795 2607 1879 ἀποσπᾷ
2654 1794 2767 1884 ’μὲν
2827 1791 3081 1858 ἑαυτὸν·

557 1919 671 1997 τῆς
727 1914 881 1992 ίδίας
915 1911 1231 2006 πατρίδος,
1273 1909 1737 2003 καταλαμβάνει
1771 1909 1837 1977 δὲ
1874 1913 1954 1976 τὰ
1986 1903 2408 2000 Ἱεροσόλυμα,
2450 1908 2650 2002 εὐχῆς
2710 1907 2887 1975 ἕνεκα
2918 1908 3147 1993 τῶνω

560 2223 689 2303 ille,
717 2223 920 2288 miser
959 2225 1029 2288 et
1062 2189 1317 2303 pauper
1361 2218 1739 2303 profligarit,
1786 2217 2275 2301 compediverit‚
2319 2217 2589 2284 calcarit
2640 2220 2707 2282 et
2748 2215 2818 2281 in
2846 2215 3049 2280 servi-

562 2325 776 2389 tutem
803 2321 1122 2404 redegerit
1148 2321 1260 2405 (1).

997 2534 1034 2619 5
1084 2544 1143 2599 1.
1201 2570 1265 2580 —
1298 2541 1404 2598 De
1431 2539 1590 2598 vita.
1619 2535 1941 2598 ascetica
1969 2534 2205 2596 sancti
2234 2534 2601 2607 Theognfl.

647 2725 714 2784 5.
761 2717 812 2781 Ε
838 2717 1100 2798 regione
1127 2713 1600 2798 Cappadocum
1642 2713 1737 2794 (2)
1788 2712 2101 2778 oriundus
2131 2711 2253 2776 fuit
2280 2711 2437 2789 iste;
2466 2711 2601 2790 ubi,
2624 2729 2791 2795 puer
2810 2711 3048 2794 adhuc,

563 2815 1002 2880 monasticum
1023 2813 1238 2878 induit
1259 2811 1747 2878 hahitum.Cum
1770 2811 2017 2877 ibidem
2038 2815 2303 2894 tempus
2326 2810 2598 2893 aliquod
2620 2799 3051 2893 transegisset

563 2914 633 2978 in
660 2912 1011 2979 solitudine
1061 2914 1125 2976 et
1154 2911 1222 2976 in
1251 2930 1330 2977 ea
1359 2930 1532 2995 quae
1581 2909 1940 2976 monachos
1972 2909 2161 2974 decet
2189 2909 2421 2990 agendi
2470 2909 2747 2987 ratione,
2792 2909 3049 2983 audivit

566 3012 777 3078 Deum
807 3011 893 3077 ad
925 3012 1220 3076 Abraam
1242 3009 1684 3093 patriarcham
1705 3009 1776 3074 in
1805 3008 2145 3090 Scriptura
2166 3007 2493 3072 dicentem
2528 3008 2622 3092 (3)
2659 3031 2676 3072 τ
2722 3007 3042 3093 Epi-cdere

564 3109 641 3174 de
667 3117 852 3174 terra·
868 3116 982 3173 tua
1011 3115 1068 3172 et
1103 3108 1178 3172 de
1225 3108 1590 3192 coquatione
1617 3114 1753 3188 tua,
1798 3111 1855 3170 et
1884 3107 2024 3170 veni
2062 3107 2133 3169 in
2162 3111 2403 3169 terram
2441 3125 2637 3190 quam
2678 3105 3049 3170 monstrabo

563 3207 694 3273 tibi.
738 3207 866 3287 Qui
891 3207 1133 3286 statim,
1168 3211 1241 3272 ut
1283 3206 1388 3272 ille
1403 3203 1626 3291 jussus
1655 3205 1833 3271 idem
1863 3205 2101 3282 facere,
2124 3205 2456 3287 separavit
2484 3225 2557 3270 se
2586 3223 2628 3270 a
2658 3225 2785 3270 sua
2808 3205 3048 3289 patria,

565 3313 632 3374 et
671 3308 856 3390 petiit
896 3306 1409 3390 Hierosolymas,
1457 3309 1532 3371 ut
1560 3311 1779 3371 oraret
1808 3305 1895 3369 ad
1938 3307 2173 3369 sancta
2216 3303 2409 3369 Loca.
2456 3304 2686 3389 Ibique
2725 3324 2768 3370 a
2802 3305 2927 3388 piis
2956 3305 3052 3386 (4)

632 3522 708 3592 (1)
742 3522 1120 3578 Conferendus
1154 3527 1238 3575 est
1263 3536 1524 3590 praesens
1540 3521 1698 3575 locus
1731 3535 1859 3574 cum
1882 3519 1990 3574 alio
2015 3535 2082 3575 ex
2108 3519 2235 3574 vita
2267 3519 2320 3575 S.
2348 3519 2669 3585 Theodosii,
2690 3535 2859 3589 quam
2882 3519 3057 3574 edidit

565 3605 792 3672 Usener,
822 3623 906 3676 op.
931 3607 1034 3670 cit..
1064 3621 1117 3674 p.
1148 3605 1224 3668 12,
1251 3603 1286 3658 1.
1309 3604 1391 3668 m,
1415 3603 1512 3671 qui
1535 3603 1614 3656 sic
1630 3603 1840 3658 habet:
1877 3597 1949 3660 εἷς
1978 3595 2220 3672 πόλεμον
2258 3599 2395 3677 πρὸς
2424 3599 2523 3660 τὰς
2550 3597 2751 3675 ἀρχὰς,
2788 3599 2929 3675 πρὸς
2956 3599 3055 3660 τὰς

567 3675 824 3752 ἐξουσίας,
857 3684 992 3760 πρὸς
1019 3683 1146 3744 τοὺς
1174 3682 1619 3758 κοσμοκράτορας
1650 3679 2004 3742 τοῦ-σκότους
2026 3679 2243 3739 τούτου.
2298 3714 2363 3724 -
2398 3685 2473 3752 (2)
2508 3683 2741 3738 Plurimi
2775 3683 2887 3738 hoc
2918 3687 3055 3738 tem-

564 3785 698 3839 pore
727 3787 795 3824 ex
831 3768 1180 3839 Cappadocia
1205 3768 1425 3824 oriundi
1461 3768 1520 3822 in
1543 3766 1915 3822 Palaestinam
1952 3767 2341 3836 migraverant,
2366 3767 2514 3821 vitae
2552 3765 2822 3820 asceticae
2849 3765 3055 3834 ample·

565 3853 780 3907 xandae
809 3869 990 3907 causa.
1014 3851 1267 3906 Sufficiat
1304 3851 1502 3907 citasse
1541 3850 1594 3905 S.
1621 3850 2003 3917 Theodosium
2040 3851 2289 3917 (Usener,
2322 3851 2441 3904 Der
2475 3851 2669 3918 heiliye
2716 3849 3057 3914 Ἠιακῑοοίοε,

565 3951 617 4005 p.
647 3936 718 4002 6),
759 3935 814 3989 S.
853 3935 1054 3989 Sabam
1109 3931 1450 4000 (Cotelerius‚
1493 3935 1692 3988 Eccles.
1728 3949 1815 4002 qr.
1851 3935 2109 3998 Manum„
2157 3938 2272 3988 tom
2320 3933 2415 3998 111,
2456 3950 2513 4002 p.
2552 3933 2691 3999 222),
2734 3931 3056 4002 Hal-tyrium

565 4018 844 4087 quendam
875 4018 946 4072 de
976 4033 1088 4086 quo
1121 4016 1180 4071 in
1224 4017 1352 4070 Vita
1379 4018 1670 4090 ‘Euthymii
1702 4017 1881 4082 (Eccl.
1915 4034 2001 4084 qr.
2036 4017 2203 4082 Mon„
2230 4019 2351 4070 tom
2381 4016 2452 4080 11,
2492 4031 2545 4084 p.
2568 4017 2703 4082 279),
2741 4015 3056 4084 Longinum

564 4108 755 4155 senem
795 4100 891 4169 qui
931 4098 1308 4153 Theodosium
1329 4099 1529 4168 ‘primo
1569 4113 1671 4152 suo
1705 4097 1767 4152 in
1816 4097 2189 4153 Palaestinam
2245 4099 2489 4153 adventu
2534 4097 2750 4167 excepit
2804 4098 3057 4165 (Usener,

565 4199 650 4252 op.
689 4185 795 4247 cit„
826 4198 880 4251 p.
921 4182 1054 4248 105),
1076 4184 1188 4235 tres
1221 4179 1433 4249 fratres,
1459 4180 1756 4251 discipulos
1794 4181 1850 4235 S.
1871 4180 2157 4250 Euthymii
2199 4180 2297 4246 (P.
2328 4183 2412 4247 0.,
2446 4185 2583 4235 tom.
2624 4180 2805 4247 CXIV,
2842 4199 2895 4251 p.
2938 4181 3058 4247 627,

566 4264 700 4330 642),
744 4279 949 4333 nempe
996 4263 1274 4327 Cosmam,
1321 4264 1417 4332 qui
1463 4263 1641 4318 factus
1681 4268 1768 4318 est
1802 4263 2093 4333 episcopus
2122 4262 2609 4333 Scythopolitanus
2642 4264 2820 4329 abed..
2843 4281 2896 4333 p.
2914 4263 3058 4331 683),

568 4346 953 4416 Chrysippum,
974 4349 1170 4415 postea
1193 4351 1417 4400 sanctae
1443 4345 1633 4400 Crucis
1657 4345 1943 4400 custodem
1984 4347 2162 4412 (ibid,
2204 4363 2251 4415 p.
2294 4345 2409 4412 627,
2445 4345 2567 4411 683)
2598 4349 2655 4400 et
2694 4345 3055 4412 Gabrielium,

566 4428 664 4500 qui
689 4427 1090 4483 monasterium
1114 4427 1348 4482 Sanctae
1370 4420 1724 4483 Ascensionis
1758 4428 1933 4483 erexit
1966 4429 2144 4494 (ibid,
2174 4445 2227 4498 p.
2266 4429 2381 4495 627,
2404 4429 2525 4495 683)
2566 4433 2623 4482 et
2660 4427 2721 4482 in
2758 4444 3055 4485 numer-um

567 4515 884 4567 sanctorum
931 4515 1016 4564 est
1053 4509 1260 4564 relatus
1283 4509 1605 4576 (Martinov,
1649 4511 1797 4564 Ann.
1835 4513 1957 4565 ecel.
1987 4512 2357 4575 mmm-slav..
2386 4511 2457 4563 ad
2493 4509 2545 4564 d.
2588 4509 2655 4564 27
2676 4508 2969 4576 Ianuarii).
2988 4539 3059 4550 —

569 4595 644 4661 (3)
681 4595 811 4648 Gen.
835 4593 952 4658 XII,
980 4594 1029 4646 1.
1069 4591 1275 4646 Eodem
1313 4609 1538 4660 prorsus
1571 4592 1743 4646 modo
1766 4593 2058 4646 adducitur
2080 4593 2132 4646 S.
2157 4591 2508 4646 Theodosius
2548 4609 2581 4646 e
2616 4593 2964 4662 Cappadocia
2998 4593 3057 4648 in

573 4675 944 4732 Palaestinam
964 4675 1242 4743 profectus
1264 4675 1334 4729 ab
1354 4675 1474 4742 ejus
1497 4675 1827 4744 panegyrico
1850 4675 2165 4729 Theodoro.
2190 4675 2299 4729 Cfr.
2339 4675 2567 4736 Usener.
2592 4693 2677 4745 op.
2718 4677 2822 4739 cit..
2842 4691 2893 4743 p.
2915 4675 2968 4730 8.
2990 4703 3059 4715 -

570 4761 648 4828 (4)
683 4759 890 4814 Graece
922 4750 1188 4828 εὐλαβῶν.
1229 4755 1302 4810 Ut
1349 4755 1570 4811 monuit
1589 4755 1834 4821 iUsener,
1856 4774 1938 4825 op.
1962 4759 2067 4820 cit„
2091 4774 2143 4826 p.
2172 4757 2281 4815 119.
2327 4771 2397 4810 cx
2428 4757 2659 4812 classico
2694 4772 2815 4825 usu,
2838 4757 3058 4812 detorta

571 4841 992 4912 significatione,
1013 4840 1124 4895 hoc
1139 4855 1345 4895 nomen
1369 4839 1580 4895 factum
1603 4843 1687 4894 est
1711 4839 1998 4908 proprium
2020 4837 2328 4893 monachis.
