3425 5584
277 2846 495 2914 ‘cupra
512 2843 613 2900 lin.

318 3023 581 3096 profectis

688 421 837 497 388
1564 437 1735 492 vm
1785 436 1878 490 nr
1927 437 2284 492 mancum

689 635 991 730 aliquod
1042 634 1331 708 malum
1364 631 1758 708 occasione
1789 630 2009 708 istius
2042 629 2474 706 inimicitiae
2529 631 2868 722 oriretur,
2929 632 3170 726 magis

692 749 973 846 placuit
1028 771 1161 844 per
1218 749 1461 824 Deum
1520 747 2066 824 monasterium
2135 747 2554 840 relinquere
2619 767 2848 840 quam
2935 747 3168 840 perdi-

692 867 973 943 tionem
1010 865 1439 942 animarum
1468 863 1916 958 conspicere.
1945 861 2146 938 Misit
2179 862 2406 956 igitur
2439 863 2536 936 ad
2573 863 2922 936 abbatem
2949 883 3170 956 quem

691 983 967 1058 ibidem
1002 980 1496 1057 substituerat
1522 987 1608 1056 ut
1632 979 2178 1055 monasterium
2206 979 2686 1070 dimitterent,
2711 975 2968 1054 dicens
2993 978 3174 1052 illud

692 1099 1049 1194 sapientis
1088 1121 1103 1172 :
1143 1097 1405 1172 Melior
1438 1083 1538 1172 eat
1572 1095 1874 1171 buccella
1907 1121 2060 1170 cum
2091 1095 2360 1192 qaudio
2405 1119 2616 1192 quam
2665 1095 2876 1194 plena
2927 1095 3174 1168 domus
3201 1119 3227 1165 a

692 1216 998 1292 victimis
1030 1239 1187 1289 cum
1218 1215 1474 1312 juryio
1508 1217 1639 1307 (1).
1692 1211 1942 1288 Missis
1989 1233 2167 1308 ergo
2219 1211 2506 1288 nuntiis
2543 1219 2618 1286 et
2651 1211 2936 1302 litteriS,
2971 1217 3048 1286 et
3080 1211 3172 1284 ab

694 1332 964 1408 abbate
998 1331 1125 1405 illo
1158 1329 1495 1424 receptis,
1524 1327 1718 1405 sicut
1743 1329 1976 1404 homo
2001 1326 2134 1402 Dei
2161 1329 2606 1418 decreverat,
2631 1326 3172 1402 monasterium

692 1447 1177 1542 reliquerunt,
1212 1445 1423 1540 prius
1456 1451 1715 1520 tamen
1741 1467 1836 1520 ex
1869 1444 1997 1519 illo
2030 1443 2292 1519 multis
2325 1443 2546 1519 bonis
2579 1443 2950 1532 extractiS‚
2979 1451 3056 1518 et
3083 1443 3174 1517 ad

692 1563 1237 1638 monasterium
1272 1561 1514 1638 sancti
1546 1561 1589 1636 J
1590 1559 1918 1636 ohannis
1943 1560 2024 1636 in
2055 1559 2296 1634 Plano
2331 1559 2468 1654 (2),
2495 1559 2697 1653 quod
2735 1559 2964 1652 paulo
3001 1565 3174 1634 ante

696 1685 1153 1773 acceperant,
1190 1677 1762 1754 transtulerunt.
3203 1695 3256 1744 ιο

799 1803 937 1870 15‘.
976 1793 1142 1886 Sed,
1178 1792 1541 1887 quoniam
1586 1793 1736 1868 hoc
1767 1790 2309 1868 monasterium
2353 1791 2558 1884 quod
2591 1789 2922 1884 praedixi
2957 1789 3062 1865 ita
3098 1791 3174 1864 in

694 1909 915 1986 bonis
946 1911 1283 2000 florebat,
1310 1913 1387 1984 et
1411 1909 1641 1984 fratre
1676 1907 1898 1984 Petro
1923 1907 2076 1983 illic
2115 1907 2386 1982 abbate
2419 1905 2908 2001 praesidente,
2937 1907 3180 1981 multa

695 2025 1058 2102 miracula
1118 2047 1247 2119 per
1294 2024 1760 2124 praedictum
1813 2022 2312 2099 venerabilem
2375 2021 2620 2097 virum
2681 2022 3178 2117 Omnipotens

694 2147 809 2218 est
840 2147 1183 2236 patratus
1206 2143 1265 2216 ⁴⁵.
1312 2141 1457 2216 Sed
1504 2141 1595 2216 de
1632 2139 1890 2214 multis
1925 2160 2166 2214 unum
2201 2139 2402 2232 quod
2439 2139 2534 2212 ad
2570 2160 2926 2232 praesens
2979 2139 3177 2214 venit

694 2259 790 2333 ad
841 2256 1285 2332 memoriam
1344 2257 1442 2332 ad
1488 2256 1621 2332 Dei
1667 2256 1968 2330 laudem
2021 2255 2518 2330 memorabor.
2587 2253 2908 2344 Quidam
2961 2252 3178 2330 rusti-
3214 2276 3261 2322 ιε

692 2393 829 2448 cus
872 2373 965 2448 de
1022 2371 1285 2446 Castro
1344 2369 1573 2447 veteri
1618 2373 1728 2464 (3)
1789 2391 1960 2444 cum
2009 2367 2174 2444 aliis
2224 2369 2660 2443 hominibus
2718 2390 2902 2444 suae
2941 2377 3178 2444 terrae

693 2485 1015 2580 advenit,
1052 2487 1181 2581 qui
1238 2487 1487 2562 attulit
1536 2486 1778 2560 filium
1837 2507 2084 2576 suum,
2131 2491 2217 2559 ut
2265 2485 2425 2579 ipse
2471 2485 2781 2577 dicebat,
2843 2486 3176 2579 quinque

693 2624 1093 2691 annorum,
1120 2601 1250 2696 qui
1276 2623 1434 2677 non
1458 2602 1926 2696 loquebatur,
1955 2621 2096 2675 nec
2117 2605 2194 2676 et
2219 2601 2466 2674 adhuc
2499 2621 2738 2674 unum
2765 2602 3178 2694 protulerat

694 2720 1047 2808 verbum;
1086 2719 1289 2813 quod
1340 2717 1681 2793 indicans
1724 2722 1986 2792 sancto
2023 2716 2183 2792 viro
2217 2737 2392 2790 cum
2425 2715 2605 2791 fletu
2649 2715 2882 2790 nimio
2927 2717 3180 2811 ipsum

696 2836 1139 2930 precabatur
1171 2839 1257 2908 ut
1290 2855 1546 2909 amore
1572 2833 1706 2908 Dei
1733 2832 1888 2908 filio
1913 2855 2054 2908 suo
2081 2833 2531 2907 subveniret.
2559 2831 2696 2906 Cui
2721 2837 2933 2926 pater
2959 2832 3070 2908 ait
3097 2833 3134 2868 ⁵
3161 2857 3177 2906 :
3209 2853 3262 2901 πο

696 2950 825 3044 Ite,
849 2975 989 3050 pro
1008 2949 1227 3046 factis
1252 2949 1291 2984 ⁴*
1324 2951 1599 3044 vestris,
1634 2973 1796 3024 sum
1829 2947 2026 3022 Deus
2057 2971 2176 3045 eqo
2209 2955 2288 3020 ut
2307 2947 2578 3045 possim
2611 2948 2788 3022 dare
2831 2949 3182 3046 loquelam

693 3063 1091 3138 hominibus
1106 3065 1147 3136 ,9
1191 3065 1531 3138 Tandem
1560 3069 1635 3138 et
1675 3063 1945 3138 fratres
1977 3069 2434 3155 rogaverunt
2465 3062 2676 3136 illum
2709 3085 2846 3156 pro
2889 3065 3180 3140 eodem.

695 3181 911 3255 Tunc
936 3182 1095 3275 ipse
1126 3181 1230 3256 ait
1268 3204 1283 3254 :
1337 3179 1619 3254 Stemus
1666 3179 1766 3252 ad
1797 3178 2206 3271 Dominum,
2243 3185 2323 3252 ut
2357 3202 2565 3252 suam
2599 3180 3178 3255 misericordiam

694 3295 918 3370 eidem
956 3297 1342 3392 larqiatur.
1376 3295 1539 3389 Ipse
1575 3300 1830 3370 autem
1863 3293 2086 3369 vertit
2119 3316 2199 3370 se
2233 3295 2329 3369 ad
2355 3295 2610 3387 altare,
2647 3301 2720 3370 et
2753 3317 3019 3371 omnes
3045 3297 3180 3392 qui

696 3417 911 3486 erant
943 3419 1373 3505 praesentes
1407 3409 1758 3486 dixerunt
1795 3434 1812 3484 ε
1851 3409 2070 3484 Pater
2091 3417 2343 3484 noster.
2381 3409 2690 3504 Erigens
2725 3433 2806 3486 se
2856 3413 2952 3485 ab
3004 3435 3176 3488 ora·
3204 3439 3259 3487 τε

696 3527 920 3619 tione,
958 3526 1135 3602 fecit
1177 3526 1479 3621 signum
1524 3525 1764 3602 crucis
1811 3547 2038 3620 super
2089 3547 2175 3600 os
2207 3525 2416 3620 pueri
2459 3531 2536 3600 et
2563 3525 2808 3619 ¹tetigit
2838 3527 3050 3619 illud,
3105 3533 3178 3602 et

696 3643 951 3718 statim
986 3649 1329 3736 apertum
1362 3647 1478 3717 est
1502 3662 1591 3716 os
1626 3641 1812 3736 ejus,
1841 3647 1918 3716 et
1941 3642 2276 3717 solutum
2310 3648 2425 3716 est
2449 3643 2838 3717 vinculum
2872 3642 3176 3736 linguae

694 3757 917 3850 illius,
950 3763 1024 3832 et
1056 3756 1297 3851 coepit
1322 3779 1507 3851 pure
1532 3762 1606 3834 et
1626 3757 1964 3852 expedite
1988 3756 2194 3850 loqui
2221 3763 2296 3832 et
2310 3779 2578 3832 vocare
2603 3763 2894 3852 patrem
2920 3781 3176 3835 suum.

695 3871 913 3963 Quod
946 3870 1207 3947 videns
1239 3877 1452 3966 pater
1506 3872 1670 3968 ejus
1704 3893 1884 3966 prae
1942 3872 2217 3966 gaudio
2253 3872 2494 3966 coepit
2541 3874 2739 3964 flere,
2775 3879 2850 3948 et
2901 3873 3060 3948 Deo
3107 3881 3184 3949 et

695 3994 957 4064 sancto
982 3987 1205 4064 Petro
1240 3986 1520 4082 gratias
1554 3987 1846 4062 referre.
1885 3986 2031 4078 Qui
2085 3995 2159 4062 et
2203 3993 2386 4081 post
2407 3989 2832 4081 aliquantos
2882 3989 3046 4064 dies
3091 3991 3180 4066 de
3213 4015 3264 4066 ³0

760 4241 836 4307 (1)
882 4242 1037 4296 Pron.
1072 4241 1238 4306 xvn,
1264 4241 1312 4297 1.
1344 4239 1553 4296 Textus
1576 4239 1848 4310 genuinus
1881 4240 2055 4296 habet
2091 4260 2105 4294 ε
2145 4241 2378 4296 buccella
2415 4243 2574 4295 sicca.
2609 4271 2674 4282 —
2715 4240 2787 4307 (Ω)
2831 4240 3178 4297 Οοευὸδίιιω

692 4325 747 4378 S.
768 4323 1037 4378 Johannis
1060 4323 1119 4377 in
1140 4323 1313 4379 Plano
1337 4325 1503 4379 situm
1532 4327 1653 4378 erat
1680 4339 1853 4394 prope
1881 4323 2196 4394 Garganum
2221 4325 2488 4388 montem,
2502 4323 2654 4392 quod
2676 4323 2814 4379 olim
2837 4323 3180 4388 Benedictini

692 4405 1049 4462 Cassinenses
1066 4406 1398 4468 incolebant.
1420 4407 1515 4462 Cfr
1537 4405 1810 4473 Teleram‚
1851 4406 1956 4462 loc.
1991 4408 2082 4462 cit.
2119 4406 2198 4462 Ex
2230 4405 2511 4471 Muratori,
2550 4408 2736 4476 Antiq.
2760 4407 2902 4471 Ital„
2929 4413 3066 4462 tom.
3099 4409 3180 4472 vl,

692 4503 744 4556 p.
800 4487 911 4552 190,
945 4489 1203 4544 andimus
1236 4489 1344 4544 hoc
1378 4489 1782 4545 monasterium
1815 4488 1986 4544 fuisse
2018 4487 2324 4544 Nucerinae
2368 4486 2714 4544 dioeceseos..
2744 4516 2811 4527 —
2849 4489 2927 4555 (3)
2961 4489 3180 4544 Nomen

691 4569 1007 4640 frequenter
1042 4572 1307 4626 usitatum
1332 4572 1391 4626 in
1421 4570 1764 4642 geographia
1797 4571 2004 4626 Italiae.
2040 4571 2206 4626 Proin
2241 4587 2355 4626 non
2385 4575 2536 4626 certo
2563 4569 2647 4625 fas
2679 4576 2764 4625 est
2786 4573 3090 4628 decernere
3114 4573 3182 4628 de

689 4666 933 4721 quonam
975 4653 1101 4709 loco
1124 4658 1330 4724 agatur.
1366 4653 1462 4709 Est
1490 4655 1750 4709 Castrum
1774 4661 1922 4709 vetus
1945 4653 2002 4708 in
2047 4654 2314 4709 comitatu
2333 4652 2612 4708 Molisensi
2644 4653 2714 4707 ad
2736 4656 3178 4723 septentrionem

689 4733 1007 4789 Beneventi.
1036 4735 1188 4790 Istud
1204 4737 1533 4792 miraculum
1552 4735 1790 4791 relatum
1816 4740 1900 4790 est
1916 4735 2044 4792 stilo
2063 4737 2282 4792 diverso
2314 4737 2372 4792 in
2402 4736 2577 4791 altera
2605 4735 2927 4792 recensione
2951 4737 3178 4794 Miratu-

684 4816 869 4872 lorum
893 4816 949 4872 S.
971 4815 1137 4885 Petri,
1162 4821 1329 4874 Anat.
1356 4821 1508 4889 Bon„
1531 4823 1671 4876 tom.
1688 4819 1780 4886 lx,
1802 4835 1854 4889 p.
1883 4819 1994 4886 187,
2017 4835 2072 4875 n.
2095 4820 2178 4876 53.
