3425 5584
241 2243 460 2300 τεθαναι

197 2454 208 2467 ’
253 2466 449 2547 fiv‘en

603 465 704 539 96
1498 481 1686 535 mu
1734 482 1798 535 s.
1848 478 2187 533 mooun

603 676 1054 765 εκκυλισθῆναι,
1093 680 1198 747 καὶ
1237 683 1326 757 είς
1369 679 1440 747 τὸ
1480 677 1925 771 παρακείμενον
1960 680 2041 772 τῇ
2080 673 2204 765 ὁδῷ
2241 670 2587 766 κοιλότερον
2635 670 3077 767 κατενεχθῆναι

601 794 809 886 μέρος,
847 796 1235 889 παραχρῆμά
1266 818 1335 862 τε
1367 790 1708 873 κλασθῆναι
1738 791 1849 858 τοῦ
1896 787 2248 885 καλογήρου
2292 791 2397 856 τὸν
2432 787 2617 856 πόδα.
2667 783 3076 863 Κατελθόντες

601 904 704 975 οὖν
743 912 876 976 ἐκεῖ
899 910 1065 977 κάτω
1078 942 1086 951 ·
1099 912 1160 977 οἱ
1198 906 1450 1004 ἀδελφοὶ
1489 906 1835 1002 εὑρίσκουσι
1867 907 1938 973 τὸ
1982 908 2096 997 μὲν
2128 900 2359 999 ἄλογον
2392 902 2630 999 ἑγερθδν
2664 904 2767 970 καὶ
2820 904 3073 993 ἱστάμε-

597 1049 723 1101 νον,
759 1026 864 1090 τὸν
890 1023 955 1091 δ“ε
985 1024 1245 1120 γέροντα
1276 1025 1553 1116 κείμενον
1581 1027 1645 1091 ἐν
1679 1022 1919 1117 άγωνίᾳ
1950 1022 2055 1087 καὶ
2080 1012 2573 1111 ἐπασθμαίνοντα
2616 1022 2708 1108 τῷ
2753 1018 2923 1107 πόνῳ
2962 1018 3073 1083 τοῦ

595 1134 973 1230 κλάσματος.
1013 1138 1210 1217 Εὐθὺς
1237 1134 1342 1207 οὖν
1375 1140 1410 1205 ὁ
1443 1141 1531 1215 είς
1564 1139 1688 1204 τῶν
1722 1136 2038 1228 δπομένων
2062 1132 2274 1202 λινοῦν
2306 1132 2471 1229 ἔχων
2506 1133 2740 1201 ὀθόνιον
2765 1138 2830 1201 ἐν
2881 1132 3069 1227 χερσὶ
3103 1150 3137 1201 ⁸

593 1252 953 1345 περιδεσμεῖ
977 1255 1091 1344 μὲν
1120 1253 1227 1320 τὸν
1259 1251 1421 1320 πόδα
1451 1252 1566 1319 τοῦ
1592 1252 1876 1346 γέροντος
1889 1306 1904 1334 ,
1954 1248 2431 1339 ἐπιβιβάσαντες
2476 1247 2542 1315 δὲ
2588 1248 2775 1315 αὐτὸν
2834 1248 2937 1315 ἐπὶ
2991 1248 3065 1313 τὸ

593 1370 810 1448 κτῆνος
843 1370 1126 1463 στυγνοῖς
1155 1366 1511 1461 προσώποις
1544 1365 1870 1458 κομίζουσι
1902 1365 2055 1459 πρὸς
2099 1366 2291 1454 ἡμᾶς.
2342 1364 2588 1453 Συνέβη
2632 1365 2838 1430 τοίνυν
2880 1363 3065 1431 αὐτὸν

595 1484 706 1573 μἐν
731 1479 1144 1577 άλγυνόμενον
1176 1482 1406 1551 στένειν
1455 1483 1725 1565 πυκνῶς,
1764 1482 1933 1571 ἡμᾶς
1982 1478 2048 1547 δε
2092 1480 2349 1570 πάντας,
2400 1479 2528 1545 ἀντ’
2560 1478 2936 1572 εὐφροσύνης
2991 1478 3064 1546 τὸ

590 1595 810 1676 πένθος
839 1596 1242 1679 ἀσπάζεσθαι.
1282 1595 1441 1666 Εἶτα
1474 1601 1541 1664 ἐκ
1582 1598 1698 1677 τῆς
1741 1592 1983 1673 πόλεως
2020 1592 2531 1688 προσκαλούμεθα
2573 1592 2765 1687 ἄνδρα
2812 1596 3064 1661 ἐπιστά-

593 1736 773 1803 μενον
805 1709 1135 1803 κλάσματα
1165 1710 1538 1807 θεραπεύειν.
1577 1708 1811 1779 Ἐλθὼν
1834 1710 1901 1778 δε
1928 1712 2153 1787 ἐκεῖνος
2196 1712 2301 1777 καὶ
2351 1712 2553 1775 πάντα
2605 1712 2678 1776 τὰ
2722 1708 3065 1790 καθήκοντα
3102 1724 3165 1777 ω

588 1827 854 1907 ποιήσας
879 1823 1226 1906 ἀκολούθως
1252 1828 1400 1920 μίαν
1432 1851 1502 1894 τε
1550 1826 1749 1918 ἥμισυ
1774 1827 2012 1918 ἡμέραν
2045 1826 2453 1917 παραμείνας,
2496 1822 2788 1893 ἀνέλυσεν
2823 1828 2910 1903 είς
2944 1827 3063 1907 τὴν

589 1939 772 2009 πόλιν
813 1939 1116 2033 καλάμοις
1167 1943 1296 2010 τισὶ
1338 1944 1632 2036 πρότερον
1680 1938 2013 2035 περιδήσας
2069 1942 2176 2007 τὸν
2242 1936 2658 2031 κεκλασμένον
2708 1939 2895 2027 πόδα,
2956 1941 3061 2008 καὶ

588 2054 1012 2152 παραγγείλας
1035 2060 1248 2126 τοῦτον
1271 2054 1588 2133 παντελῶς
1616 2057 1706 2148 μὴ
1734 2053 2030 2123 σαλεῦσαι
2048 2056 2244 2149 μέχρι
2264 2052 2777 2147 συμπληρώσεως
2803 2059 3058 2150 ἡμερῶν

589 2173 699 2239 ούκ
730 2169 988 2266 ὀλίγων,
1018 2170 1315 2253 τεθῆναι.
1346 2171 1413 2240 δὲ
1445 2172 1657 2248 σκεῦός
1681 2196 1745 2237 τι
1779 2172 2132 2265 ὀστράκινον
2158 2170 2447 2237 ὑποκάτω
2480 2168 2906 2263 ὃιατρηθείσης
2940 2176 3057 2254 τῆς

587 2288 797 2369 κοίτης
847 2286 948 2371 ἶν’,
1003 2288 1148 2355 ὅταν
1193 2288 1378 2382 χρεία
1425 2284 1674 2371 καλοίη,
1715 2288 1993 2377 κείμενος
2042 2290 2106 2353 ἐν
2150 2290 2228 2381 τῇ
2282 2282 2462 2381 κλίνη
2514 2288 2800 2367 ἀκίνητος
2856 2287 3053 2366 οὕτως
3090 2306 3157 2358 η

586 2404 825 2495 ἐκφέροι
842 2400 883 2438 “
906 2404 985 2469 τὰ
1017 2398 1324 2492 σκύβαλα.
1347 2404 1466 2468 Διὰ
1496 2403 1560 2468 τί
1584 2400 1650 2468 δὲ
1675 2402 1709 2467 ὁ
1732 2400 1887 2478 Θεὸς
1913 2403 1947 2468 ὁ
1972 2400 2409 2493 παντοκράτωρ
2444 2405 2508 2469 ἐν
2532 2400 2724 2494 καιρῷ
2751 2428 3051 2497 παραχω-

585 2518 686 2610 ρεῖ
708 2522 798 2607 τῷ
853 2518 1104 2603 Σατανᾷ
1151 2516 1293 2594 τοὺς
1343 2512 1663 2595 ἐκλεκτοὺς
1714 2512 2089 2611 κολαφίζειν,
2143 2514 2207 2583 ἐν
2248 2512 2424 2606 α’λλῳ
2477 2515 2779 2614 ζητείσθω
2827 2522 3045 2610 καιρῷ.

589 2635 890 2727 Δευτέραν
915 2634 1118 2702 τοίνυν
1149 2632 1388 2726 ὴμίραν
1415 2628 1757 2707 ἀσάλευτος
1799 2629 2034 2722 ἔμεινεν
2068 2618 2130 2698 ἕν
2162 2633 2411 2724 πικραῖς
2446 2627 2778 2725 ἀλγηδόσι,
2828 2632 2933 2699 καὶ
2972 2631 3053 2714 δὴ

584 2753 662 2846 τῇ
688 2732 1071 2845 τρίτῃ-’νυκτὶ
1105 2743 1370 2842 ἄγγελος
1403 2748 1571 2837 αὐτῷ
1599 2748 1850 2823 ἐπιστὰς
1878 2744 2150 2840 ἀψοφητὶ
2173 2746 2245 2812 τό
2270 2770 2339 2813 τε
2372 2744 2672 2816 σινδόνιον
2705 2749 2739 2814 ὃ
2772 2748 3052 2840 περιεβί-

584 2860 782 2953 βλητο
815 2864 1264 2944 ἀποσκευάσας,
1308 2860 1478 2954 θέρος
1519 2864 1638 2957 γὰρ
1685 2858 1791 2941 ἦν,
1832 2862 1985 2957 φησὶ
2021 2862 2174 2952 πρὸς
2215 2861 2322 2927 τὸν
2364 2862 2624 2955 γέροντα
2656 2864 2928 2954 ἠρεμαίᾳ
2968 2868 3049 2960 τῇ
3084 2878 3157 2932 20

583 3122 743 3188 etin
769 3121 1222 3204 subjacentem
1247 3119 1396 3185 viae
1439 3139 1797 3186 concavam
1839 3120 2003 3186 deici
2044 3122 2321 3202 partem,
2363 3120 2803 3205 continuoque
2842 3122 3055 3207 frangi

581 3220 736 3286 boni
763 3219 940 3285 senis
962 3219 1222 3301 pedem.
1251 3218 1416 3284 Cum
1443 3219 1671 3303 itaque
1699 3218 2190 3285 descendissent
2230 3218 2359 3283 huc
2386 3218 2558 3285 infra
2588 3220 2841 3299 ἰτείης,
2871 3222 3055 3289 inve·

581 3322 822 3386 nerunt
847 3318 1115 3402 quidem
1137 3316 1383 3387 animal
1405 3317 1546 3401 jam
1577 3318 1945 3384 surrexisse
1967 3320 2034 3384 et
2059 3321 2255 3397 stare,
2284 3337 2509 3384 senem
2540 3336 2697 3384 vero
2718 3319 3054 3403 jacentem

581 3418 650 3483 in
676 3416 901 3483 labore
927 3419 995 3482 et
1021 3435 1413 3500 oppressum
1444 3415 1667 3481 dolore
1695 3416 2037 3481 tracturae.
2068 3414 2220 3481 Ilico
2260 3415 2487 3500 itaque
2515 3437 2687 3483 unus
2714 3438 2797 3484 ex
2838 3418 3053 3501 sociiS‚

581 3516 694 3601 qui
735 3515 982 3581 lineum
1029 3514 1326 3581 habebat
1373 3532 1536 3598 prae
1581 3514 1890 3580 manibus
1932 3514 2229 3593 linteum,
2285 3515 2753 3599 circumligavit
2809 3516 3053 3601 pedem

579 3615 786 3693 senis3
830 3618 898 3680 et
937 3632 1089 3680 cum
1117 3611 1583 3696 imposuissent
1611 3632 1763 3677 eum
1793 3612 2116 3696 jument0,
2145 3613 2441 3680 tristibus
2482 3614 2775 3682 vultibus
2804 3616 3051 3684 detule-

579 3716 731 3779 runt
760 3731 912 3778 eum
940 3711 1028 3777 ad
1049 3730 1194 3777 nos.
1222 3711 1369 3795 Ipse
1395 3730 1551 3777 vero
1579 3729 1741 3794 prae
1771 3711 1997 3778 dolore
2022 3712 2327 3796 gemebat
2368 3714 2625 3793 crebro;
2655 3734 2778 3781 nos
2820 3736 3053 3785 omnes

576 3831 697 3896 pro
739 3810 980 3895 gaudio
1006 3810 1300 3876 dolorem
1328 3810 1910 3894 amplectebamur.
1933 3809 2100 3876 Dein
2122 3830 2204 3876 ex
2225 3811 2391 3877 urbe
2412 3811 2814 3881 advocamus
2836 3816 3055 3882 virum

577 3910 862 3993 peritum
890 3909 1214 3975 fracturas
1245 3909 1536 3976 curandi.
1566 3908 1731 4003 Cum
1760 3908 2045 3975 venisset
2070 3909 2195 3975 iste
2223 3913 2289 3975 et
2314 3910 2626 3995 quicquid
2658 3914 3055 3997 expediebat

573 4009 936 4093 peregisset
955 4026 1038 4074 ex
1057 4008 1307 4089 ordine,
1328 4008 1634 4092 diemque
1659 4026 1866 4073 unum
1896 4012 1961 4074 et
1981 4008 2325 4075 dimidium
2348 4012 2837 4094 permansisset,
2858 4014 3055 4080 rediit

574 4108 643 4173 in
696 4108 951 4186 urbem,
999 4106 1269 4173 calamis
1325 4107 1721 4191 quibusdam
1765 4108 1946 4190 prius
1981 4107 2185 4191 ligato
2221 4108 2391 4191 pede
2426 4110 2652 4188 fracte,
2702 4115 3052 4195 praeterea

573 4206 899 4273 mandans
926 4209 1004 4272 ut
1030 4205 1297 4271 omnino
1324 4223 1458 4271 non
1486 4210 1779 4271 moveret
1808 4226 1954 4271 sese
1996 4210 2150 4272 ante
2193 4210 2561 4275 transactos
2592 4210 2846 4294 aliquot
2887 4212 3051 4292 dies»,

573 4310 639 4373 et
659 4308 1016 4390 poneretur
1034 4322 1151 4371 vas
1173 4304 1442 4388 aliquod
1471 4306 1828 4370 testaceum
1859 4305 1985 4371 sub
2016 4304 2155 4388 ejus
2187 4305 2350 4372 lecto
2378 4305 2549 4373 infra
2576 4308 2931 4389 terebrato,
2960 4311 3053 4378 ita

573 4408 670 4485 ut,
699 4406 756 4471 si
776 4404 1135 4470 necessitas
1154 4406 1473 4487 posceret,
1489 4400 1719 4486 jacens
1740 4403 1809 4468 in
1829 4402 1994 4469 lecto
2024 4402 2420 4487 dejectiones
2449 4408 2799 4475 emitteret.
2830 4409 3053 4489 Quare

575 4507 801 4570 autem
830 4501 1008 4569 Deus
1035 4502 1452 4586 omnipotens
1479 4501 1881 4585 quandoque
1906 4503 2244 4585 permittat
2268 4502 2587 4571 Satanam
2625 4506 2867 4574 electos
2894 4528 3053 4576 suos

576 4602 984 4685 colaphizare
1022 4600 1187 4668 alias
1229 4603 1605 4686 quaeratur.
1648 4601 1830 4666 Duos
1873 4600 2067 4683 igitur
2106 4600 2248 4668 dies
2287 4602 2643 4672 immobilis
2686 4610 3055 4689 permansit

575 4699 644 4765 in
671 4698 925 4766 acerbis
953 4698 1307 4779 doloribus,
1339 4703 1410 4765 at
1449 4698 1642 4766 tertia
1680 4701 1873 4765 nocte
1902 4698 2171 4783 angelus
2218 4702 2277 4767 ei
2324 4707 2553 4771 astans
2580 4706 2781 4772 tacite
2824 4706 3055 4775 sindo-

574 4817 730 4866 nem
751 4817 887 4885 qua
908 4798 1362 4867 involvebatur
1381 4818 1531 4866 cum
1552 4798 1959 4878 removisset,
1980 4804 2198 4867 aestas
2220 4800 2395 4869 enim
2417 4807 2579 4886 erat,
2593 4805 2687 4871 ait
2708 4807 2798 4872 ad
2818 4826 3055 4877 senem
