3425 5584
1190 507 1252 562 s·
1306 505 1887 566 cumsroruom..
2634 495 2781 570 399

387 701 497 762 12.
537 693 785 762 Iterum
826 694 984 762 dicit
1010 694 1098 762 ad
1141 713 1258 762 eas
1289 717 1308 761 τ
1353 693 1526 776 Quid
1551 696 1811 762 venistis
1834 695 1958 763 huc
1982 695 2018 762 ἓ
2051 697 2141 765 At
2168 698 2319 766 illae
2361 699 2668 770 dixerunt
2694 706 2784 771 ad

297 796 686 880 semetipsas
731 817 749 862 ε
795 793 1077 862 Multum
1113 795 1512 880 peccavimus
1530 818 1560 878 ,·
1603 797 1757 881 quia
1801 795 1974 863 dura
2019 817 2218 864 causa
2246 799 2424 866 nobis
2448 803 2663 869 evenit.
2708 803 2787 869 Si

297 903 504 962 autem
521 895 952 981 permansevit
973 893 1302 960 intendens
1321 910 1456 977 nos,
1473 896 1782 980 perimus.
1807 893 2003 962 Nunc
2024 904 2238 963 autem
2258 899 2414 986 quid
2427 900 2743 985 faciemus
2757 903 2790 966 ,9

299 995 418 1062 Dii
443 1016 574 1061 non
595 994 917 1080 adjuvant
942 1014 1060 1059 nos
1081 995 1195 1080 (1).

229 1109 262 1158 e
387 1103 496 1164 13.
543 1095 786 1162 Dicunt
808 1099 1035 1162 autem
1063 1093 1150 1160 ad
1191 1096 1494 1161 sanctum
1525 1093 2074 1178 Christophorum
2120 1118 2139 1163 ε
2180 1095 2272 1163 Et
2312 1118 2428 1164 nos
2468 1101 2784 1167 credimus

294 1197 366 1260 in
395 1195 607 1260 Deum
635 1214 816 1280 quem
844 1200 900 1259 et
927 1200 998 1258 tu
1021 1192 1344 1278 confessus
1371 1213 1454 1272 es,
1477 1199 1727 1258 tantum
1751 1197 1811 1259 si
1836 1193 2244 1262 obliviscatur
2264 1207 2486 1264 nostra
2496 1209 2781 1284 peccato.

297 1295 422 1375 Qui
453 1294 610 1361 dicit
639 1295 733 1361 eis
764 1316 781 1360 :
834 1293 1010 1374 Quae
1053 1295 1219 1359 enim
1261 1299 1412 1358 sunt
1444 1301 1710 1378 peccata
1750 1301 1960 1360 vestra
1988 1294 2023 1359 ‚2
2066 1293 2149 1361 In
2196 1295 2537 1364 homicidio
2585 1320 2673 1364 an
2716 1303 2784 1364 in

297 1395 627 1478 maleficiis
675 1394 958 1459 consciae
1019 1395 1166 1459 estis
1189 1391 1225 1456 ἓ
1267 1391 1496 1475 Dicite,
1525 1399 1597 1457 ut
1641 1392 1907 1478 offeram
1942 1415 2068 1480 pro
2108 1395 2279 1462 vobis
2316 1400 2668 1463 orationem
2696 1399 2784 1464 ad

298 1491 673 1559 Dominum.
712 1491 868 1558 Illae
896 1510 1059 1558 vero
1105 1491 1454 1557 dixerunt:
1488 1489 1933 1578 Nequaquam,
1961 1491 2237 1559 domine.
2270 1493 2449 1566 Haec
2476 1516 2604 1561 non
2634 1504 2784 1562 sunt

193 1602 262 1654 ιο
295 1594 366 1656 in
393 1591 588 1670 nobis,
610 1591 810 1657 sedin
836 1590 952 1656 hoc
975 1589 1146 1677 quod
1155 1590 1538 1676 prostitutae
1559 1590 1834 1675 fuimus,
1857 1593 1950 1657 ita
1980 1599 2039 1658 et
2061 1594 2391 1678 yessimus.
2424 1595 2783 1661 Meretrices

293 1691 544 1776 fuimus
583 1698 640 1756 et
676 1690 936 1777 qmtiles
977 1710 1172 1776 usque
1213 1709 1401 1756 nunc.
1449 1689 1657 1756 Immo
1687 1690 1895 1776 mayis
1934 1689 2013 1757 de
2040 1699 2241 1759 mor-te
2266 1713 2421 1780 quos
2456 1697 2784 1779 potuimus

297 1792 598 1874 eruimus,
613 1797 668 1856 et
687 1787 1077 1856 venundatos
1091 1808 1299 1855 servos
1312 1789 1706 1854 redimimus.
1715 1789 1907 1864 Haec
1930 1791 2023 1857 eis
2048 1791 2438 1873 dicentibus,
2452 1794 2783 1878 ingressus

298 1895 400 1958 est
427 1891 893 1957 clavicularius.
923 1889 1202 1956 carceris
1229 1893 1298 1956 et
1339 1888 1498 1955 dicit
1540 1889 1678 1955 eis:
1725 1887 1998 1975 Sur-yite.
2043 1890 2205 1957 Ecce
2244 1895 2487 1958 vocatio
2528 1900 2784 1974 vestra,-

295 1996 474 2056 vocat
499 2009 608 2055 vos
649 2009 783 2054 rex.
815 1987 939 2054 Sed
964 1988 1282 2074 deprecor,
1325 1993 1537 2053 sancte
1568 1988 1713 2072 Dei,
1744 2007 1822 2054 ne
1850 1985 2241 2056 obliviscaris
2266 2011 2365 2056 me
2390 1992 2463 2056 in
2488 1998 2597 2056 tuo
2626 1991 2782 2058 bono

191 2106 258 2156 ⁴5
298 2090 636 2175 martyrio.
663 2087 942 2155 Oblatus
972 2091 1072 2155 est
1115 2091 1337 2154 autem
1366 2087 1500 2171 regi
1541 2091 1825 2155 sanctus·
1844 2088 2373 2173 christophorus.
2402 2089 2599 2157 Jubet
2628 2110 2783 2174 ergo

299 2187 536 2255 adduci
567 2187 734 2254 duas
763 2177 1092 2269 mulieres,
1135 2192 1202 2253 et
1247 2187 1405 2272 dicit
1433 2189 1528 2253 eis
1556 2205 1676 2252 rex
1707 2209 1724 2253 ε
1765 2187 1937 2268 Quid
1963 2195 2052 2253 est
2078 2187 2113 2252 ἓ
2134 2188 2447 2255 Suasistis
2472 2191 2611 2256 ciro
2637 2189 2785 2255 huic

296 2285 664 2372 sacrificare
689 2287 818 2352 diis
845 2285 880 2352 ἓ
917 2285 1103 2366 Quae
1133 2287 1438 2353 dixerunt
1469 2308 1486 2352 ε
1521 2284 1658 2351 Nos
1686 2289 1894 2371 mayis
1914 2290 2342 2354 consensimus
2368 2309 2603 2375 maqno
2632 2292 2783 2374 reci,

298 2395 356 2453 et
383 2407 512 2452 non
541 2394 628 2452 est
671 2387 744 2451 in
772 2386 988 2472 aliquo
1017 2385 1148 2451 alio
1203 2385 1381 2450 salus
1420 2385 1552 2450 nisi
1591 2385 1663 2449 in
1703 2387 1844 2470 ipso
1881 2385 2411 2472 quemadmodum
2444 2389 2785 2473 praedicat

294 2487 586 2571 famulus
617 2486 760 2570 Dei,
799 2505 968 2551 unus
995 2485 1187 2568 solus,
1230 2487 1340 2572 qui
1376 2484 1528 2569 fecit
1569 2486 1814 2550 caelum
1857 2493 1913 2551 et
1954 2492 2215 2552 terram.
2269 2486 2401 2552 Tui
2439 2497 2650 2553 autem
2688 2485 2789 2553 dii

193 2601 262 2651 20
300 2587 462 2653 cinis
488 2592 637 2652 sunt
667 2592 722 2651 et
748 2587 990 2650 nemini
1017 2584 1310 2668 prodesse
1327 2589 1673 2669 potuerunt
1700 2585 1831 2650 nisi
1856 2584 1947 2651 ad
1960 2585 2375 2671 perdendum.
2407 2586 2644 2653 Decius
2666 2607 2783 2654 rex

294 2686 450 2752 dicit
495 2707 511 2751 ι
555 2685 644 2752 Et
669 2705 776 2750 vos
801 2685 1094 2750 seductae
1121 2685 1266 2750 estis
1288 2703 1409 2769 per
1433 2683 1616 2750 illius
1642 2686 1911 2770 maqicis
1937 2684 2206 2770 artibus,
2234 2694 2292 2751 et
2316 2706 2427 2752 vos
2452 2685 2603 2751 huic
2651 2708 2782 2751 cre·-

293 2785 552 2850 didistis
573 2785 610 2849 ,9

384 2891 493 2951 14.
540 2883 686 2950 Una
714 2886 936 2950 autern
967 2903 1048 2949 ex
1073 2883 1252 2966 ipsis,
1281 2882 1548 2949 nomine
1567 2881 1928 2962 'Gallenice‚
1952 2883 2109 2950 dicit
2140 2905 2157 2950 ε
2191 2881 2329 2950 Nos
2359 2905 2484 2950 non
2516 2886 2784 2970 mayicis

296 2983 542 3050 artibus
582 2983 872 3049 seductae
911 3001 1153 3065 sumus,
1197 2979 1307 3047 sed
1347 2979 1484 3047 Deo
1529 2981 1778 3047 credere
1823 2981 2113 3047 volumus
2155 2988 2211 3047 et
2252 2983 2424 3049 mori
2454 3003 2582 3068 pro
2624 2985 2781 3068 ipso.

190 3105 264 3155 2⁸
299 3082 534 3150 Decius
577 3081 782 3148 dicit:
839 3081 1066 3147 Vocate
1108 3077 1268 3146 mihi
1318 3082 1800 3166 carpentarium
1843 3079 2170 3164 artificem.
2215 3079 2521 3149 Officium
2564 3083 2718 3148 dicit
2764 3107 2781 3148 :

297 3181 559 3265 Adstat,
585 3181 854 3247 domine.
887 3181 1122 3248 Decius
1144 3179 1300 3246 dicit
1331 3203 1348 3247 t
1384 3179 1523 3244 Fac
1549 3179 1711 3245 mihi
1738 3179 2067 3246 cubitalem
2096 3182 2340 3266 liynum
2368 3181 2781 3267 quadratum,

298 3288 355 3347 et
394 3301 532 3347 seca
563 3301 706 3346 eum
735 3299 858 3366 per
884 3279 1182 3362 medium,
1211 3287 1267 3345 ct
1285 3279 1519 3364 perfice
1545 3279 1733 3364 illud,
1756 3285 1813 3345 et
1840 3278 2031 3364 adfer
2060 3279 2239 3364 mihi,
2266 3287 2339 3347 ut
2366 3283 2440 3345 in
2466 3284 2783 3346 amaritu-

299 3381 511 3446 dinem
533 3380 872 3445 animam*
892 3381 1027 3464 ejus
1049 3379 1301 3462 finiam.
1317 3378 1484 3445 Cum
1512 3382 1735 3445 autem
1758 3379 2139 3462 perfecisset
2158 3379 2321 3446 illud
2348 3385 2655 3464 paratum
2682 3385 2784 3446 est

299 3481 367 3547 in
399 3484 756 3564 conspectu
783 3479 976 3562 regis,
1012 3479 1094 3544 Et
1137 3479 1336 3563 jussit
1386 3477 1559 3544 mitti
1603 3478 1931 3544 mamillas
1974 3479 2115 3563 ejus
2158 3479 2227 3546 in
2258 3498 2338 3545 eo
2368 3483 2437 3545 et
2463 3480 2781 3563 suspendi

193 3599 264 3652 30
299 3579 548 3664 capillis
571 3583 636 3645 et
665 3579 832 3644 duos
855 3576 1109 3662 lapides
1131 3577 1414 3643 molares
1436 3575 1727 3660 adpendi
1751 3577 1838 3643 ad
1858 3577 2063 3662 pedes
2086 3577 2249 3662 ejus.
2278 3577 2466 3661 Etde
2492 3577 2785 3662 pondere

297 3679 594 3768 lapidum
636 3682 856 3744 costae
887 3678 1028 3761 eJus
1074 3677 1338 3743 evulsae
1381 3680 1536 3742 sunt
1565 3679 1632 3742 et
1657 3676 1847 3761 pellis
1892 3676 2167 3743 cervicis
2209 3677 2352 3762 ejus
2393 3697 2547 3743 cum
2590 3697 2787 3743 carne

298 3778 593 3844 detracta
621 3781 738 3857 est,
781 3777 876 3842 ita
914 3779 992 3841 ut
1031 3775 1194 3841 nihil
1223 3775 1290 3840 in
1333 3793 1414 3842 ea
1457 3775 1827 3842 humanum
1870 3775 2222 3842 videretur.
2271 3775 2521 3843 Videns
2563 3780 2787 3842 autem

297 3877 532 3957 beatus
563 3874 1090 3959 christophorus
1123 3874 1335 3940 oravit
1363 3873 1588 3940 dicens
1625 3895 1642 3940 ε
1671 3874 1852 3939 Deus
1877 3894 2072 3958 meus,
2101 3881 2228 3940 esto
2256 3893 2499 3940 mernor
2517 3873 2791 3939 ancillae

300 3982 467 4058 tuae,
495 3975 650 4061 quia
699 3981 812 4039 tua
850 3973 1109 4057 famula
1153 3979 1259 4039 est.
1307 3973 1390 4039 Et
1419 3973 1575 4040 dicit
1603 3973 1691 4040 ad
1723 3992 1912 4040 eam:
1950 3973 2225 4040 Cursum
2272 3981 2457 4040 tuum
2502 3993 2791 4038 consum-

198 4091 268 4144 35
303 4081 549 4139 matum
575 4079 685 4158 est,
717 4073 924 4139 oratio
952 4079 1064 4138 tua
1098 4079 1351 4157 accepta
1397 4079 1504 4137 est.
1534 4071 1737 4158 Perye
1778 4072 1869 4137 ad
1909 4071 2286 4154 Dominum,
2314 4079 2370 4138 et
2398 4093 2637 4138 memor
2664 4077 2789 4138 esto

197 4177 203 4182 “
301 4175 442 4239 mei.
471 4171 554 4239 Et
577 4174 744 4242 haec
773 4191 852 4239 eo
873 4171 1150 4251 dicente,
1182 4172 1380 4238 beata
1412 4171 1739 4239 Gallenice
1767 4172 1943 4238 bono
1972 4191 2207 4238 somno
2236 4171 2579 4257 requievit.

390 4279 500 4340 15.
545 4272 710 4339 Cum
771 4271 936 4338 haec
975 4273 1451 4338 consummata
1507 4275 1708 4350 esset,
1753 4271 1950 4355 ¹iussit
2005 4271 2247 4337 adduci
2304 4269 2607 4338 ancillam
2672 4269 2789 4336 Dei

300 4372 700 4455 Aquilinum.
743 4371 826 4436 Et
852 4370 1012 4437 dicit
1055 4370 1112 4437 ei
1141 4389 1261 4436 rex
1295 4393 1313 4436 ε
1343 4369 1676 4456 Aquilina,
1707 4371 2002 4435 miserere
2027 4369 2267 4436 tibimet
2291 4371 2423 4456 ipsi
2441 4376 2497 4435 et
2525 4369 2788 4434 immola

303 4471 449 4554 diis,
478 4477 536 4536 et
558 4491 676 4556 per
702 4470 866 4554 deos,
895 4489 1022 4535 non
1044 4489 1322 4555 parcam
1353 4490 1536 4552 auro,
1566 4469 1761 4534 donec
1798 4489 1914 4554 per
1958 4489 2171 4534 omnes
2213 4470 2494 4535 civitates
2536 4475 2791 4534 statuas

197 4584 268 4639 bo
304 4569 418 4635 tibi
433 4570 704 4654 faciam,
725 4577 780 4636 et
822 4577 878 4636 te
903 4567 1224 4634 honorabo
1254 4569 1604 4654 maynifice,
1635 4575 1706 4634 ut
1735 4588 2073 4654 coynoscas
2100 4575 2167 4633 tu
2197 4571 2344 4654 ipsa
2372 4569 2527 4654 quia
2556 4566 2788 4633 bonum

370 4805 390 4864 (
395 4803 448 4869 1)
469 4802 678 4940 ῙἚΜ
715 4801 986 4872 interpres
1021 4801 1226 4856 latinus
1263 4797 1498 4856 multum
1535 4799 1812 4856 contraxit
1851 4797 2193 4869 colloquium
2227 4798 2617 4870 christophori
2656 4815 2787 4855 cum

303 4886 530 4942 meretri
566 4884 579 4898 '
621 4901 706 4941 us.
