3425 5584
1147 459 1462 514 εΡιεοοΡι
1511 459 1881 514 seranus.
2638 447 2774 520 107

281 653 388 720 καὶ
423 655 538 733 τῆς
564 648 775 744 &xp-⁷1<
807 653 932 720 τῶν
965 651 1278 720 τοσούτων
1311 656 1604 746 κυμάτων
1636 657 1855 749 πεῖραν
1880 655 2010 724 καθ’
2047 659 2311 740 ἑκάστην
2334 655 2767 752 λαμβάνομεν,

278 769 388 835 καὶ
439 768 594 846 τέως
647 770 758 836 οὐκ
807 765 1062 858 οἴδαμεν
1095 769 1374 838 ποταπὸν
1407 769 1479 838 τὸ
1519 767 1698 849 τὲλος
1731 772 1842 840 τοῦ
1892 772 2035 862 βίου
2082 773 2443 868 εὑρήσομεν.
2481 775 2775 866 Εὖσεβῶς

279 884 407 976 ἄρα
439 885 542 950 καὶ
577 882 830 962 δικαίως
879 886 1250 978 πράττοντες
1297 883 1747 980 εὑρεθησόμεθα
1796 889 1969 968 τότε;
2010 883 2055 970 ἢ
2104 891 2399 958 τάναντία
2448 895 2528 988 τῇ
2582 896 2768 988 ἀρετῇ

279 996 884 1095 καταληφθησόμεθα
948 1001 1070 1068 ὑπὸ
1133 1002 1278 1071 τῶν,
1325 1002 1442 1082 τὴν
1508 1002 1725 1098 ψυχὴν
1791 1004 2215 1073 ἀπαιτούντων
2266 1005 2775 1100 φρικωδεστάτων

209 1140 244 1188 ⁸
278 1112 612 1212 άγγίλωνς
651 1115 738 1184 ’Ὦ
772 1119 886 1198 τῆς
921 1118 1366 1210 ματαιοπονίας
1391 1118 1502 1186 τοῦ
1523 1119 1830 1212 παρόντος
1854 1122 2105 1200 αἰῶνος,
2156 1115 2207 1188 ῶ
2238 1124 2355 1202 τῆς
2397 1121 2625 1204 ἡδονῆς
2659 1129 2773 1206 τῆς

273 1234 502 1300 πασῶν
534 1233 660 1300 τῶν
693 1229 922 1300 ὀδυνῶν
955 1230 1481 1326 πεπληρωμένης,
1515 1227 1566 1303 ῶ
1600 1236 1717 1316 τῆς
1744 1237 1985 1318 άπάτης
2020 1236 2126 1303 καί
2167 1237 2277 1304 τοῦ
2308 1233 2550 1306 πολλοῦ
2586 1265 2771 1307 κατα-

273 1345 580 1442 γέλωτος.
631 1344 1007 1440 Ἀμελοῦμεν
1060 1351 1176 1430 τῆς
1209 1349 1614 1444 πανευφήμου
1646 1349 1755 1417 καὶ
1786 1345 2027 1430 ἐνδόξου
2064 1354 2311 1445 ἀρετῆς,
2366 1353 2471 1420 καὶ
2519 1355 2661 1447 περὶ
2694 1359 2771 1422 τὰ

275 1465 502 1532 στάσιν
566 1465 678 1531 οὐκ
736 1462 988 1560 ἔχοντα,
1055 1461 1220 1532 ἀλλὰ
1285 1461 1680 1557 λυθησόμενα
1743 1469 1991 1545 πάντως
2065 1469 2399 1562 κεχηνότες
2474 1472 2769 1548 ἑκουσίως

273 1575 684 1672 πλανώμεθα.
735 1579 1030 1674 Θεόγνιος
1087 1584 1156 1668 ἐκ
1202 1579 1588 1674 τετραπέδων
1654 1584 1877 1676 ἀρετῆς
1928 1579 2121 1651 λίθων
2185 1581 2372 1653 πόλιν
2423 1587 2620 1676 ἕαυτῷ
2680 1583 2768 1664 εἰς

178 1720 238 1772 ιο
273 1679 538 1788 οὐρανὸν
603 1693 1024 1788 ᾠκοδόμησεν,
1081 1696 1269 1787 ἡμεῖς
1326 1694 1391 1764 δὶ
1443 1699 1512 1765 ἐκ
1572 1696 1963 1793 τετραγώνου
2024 1698 2240 1777 κακίας
2290 1699 2395 1766 καὶ
2442 1696 2769 1794 λογισμῶν

274 1807 602 1890 παντελῶς
637 1813 1117 1907 άμεταστρόφων
1149 1812 1306 1904 πρὸς
1327 1812 1401 1881 τὸ
1435 1812 1749 1908 συμφέρον
1780 1814 1886 1881 καὶ
1920 1809 2271 1912 ἀκινήταν·
2295 1811 2557 1883 καθόλου
2583 1842 2769 1884 κατα·

277 1927 518 2022 γῶγιον
551 1925 672 1995 ῶδε
703 1931 782 2024 τῇ
817 1929 929 1994 τοῦ
963 1925 1188 2022 ἐχθροῦ
1224 1923 1568 2059 φαυλότητι
1589 1926 1905 2020 κτίζομεν.
1954 1925 2257 1998 Πλούτου
2283 1932 2405 2025 γὰρ
2444 1927 2615 2024 φίλοι
2666 1933 2770 1998 ’καὶ

273 2043 513 2137 κρότων
549 2043 677 2111 τῶν
717 2041 986 2112 αστικῶν
1009 2028 1144 2110 καὶ
1183 2044 1309 2109 τῶν
1359 2044 1632 2136 ρευστῶν
1679 2025 2067 2139 πραγμάτων
2106 2045 2459 2140 γεγόνοτες,
2497 2049 2613 2128 τῆς
2645 2048 2769 2114 τῶν

275 2159 642 2252 κρειττόνων
710 2160 960 2253 ἀγάπης
1037 2154 1402 2251 ἀλλοτρίους
1485 2160 1590 2226 καὶ
1671 2154 1873 2238 ξένους
1944 2159 2196 2238 δαυτους
2275 2160 2761 2253 κατεστησαμεν.

2705 2273 2744 2311 O

177 2301 242 2350 ιε
277 2270 644 2369 Ἀργολόγοι
693 2276 1088 2369 τυγχάνομεν
1157 2274 1260 2341 καὶ
1312 2274 1586 2367 όκνηροὶ,
1649 2277 1997 2370 γογγυσταί
2064 2274 2168 2341 καί
2240 2277 2655 2370 μεμψίμοιροι
2750 2331 2767 2350 .

274 2390 568 2481 Κοσμικά
603 2414 700 2467 τις
741 2391 858 2464 καὶ,
886 2393 1122 2484 αἰσχρὰ
1163 2390 1415 2482 ῥήματα
1456 2388 1765 2485 διηγεῖται
1822 2388 1967 2482 μηδ’
2018 2387 2181 2468 ὅλως
2220 2392 2337 2472 τὴν
2374 2391 2587 2486 ψυχὴν
2614 2395 2767 2488 ὠφε-

273 2504 534 2584 λοῦντα,
577 2501 820 2597 μᾶλλον
857 2504 924 2572 δὲ
963 2501 1513 2593 καταβλάπτοντα,
1561 2505 1665 2573 καὶ
1706 2507 2047 2601 χάσκοντες
2098 2507 2364 2583 ἅπαντες
2412 2509 2527 2588 τὴν
2580 2510 2771 2588 ἀκοὴν

277 2624 417 2699 τοῖς
449 2623 742 2714 πονηροῖς
779 2621 1018 2714 ῥήμασι
1049 2620 1378 2714 προθύμως
1403 2622 1763 2716 παρέχομεν
1788 2625 1851 2690 ἐν
1884 2626 1972 2712 τῷ
2000 2626 2168 2712 κακῷ
2204 2621 2525 2717 νήφοντες.
2569 2623 2771 2719 Λόγον

281 2737 354 2805 δά
387 2761 484 2814 τις
534 2739 912 2832 ἐπιστροφῆς
963 2737 1068 2803 καὶ
1118 2737 1431 2829 σωτηρίας
1479 2733 1786 2815 πολλάκις
1836 2735 2188 2830 προτίθησι,
2239 2738 2345 2804 καί
2392 2736 2695 2832 τίσσαρας
2728 2735 2771 2819 ἢ

273 3034 620 3096 tantorum
649 3029 969 3096 fluctuum
990 3028 1232 3095 cotidie
1257 3029 1650 3112 experimur,
1667 3047 1889 3113 neque
1916 3028 2233 3096 hactenus
2266 3030 2509 3096 scimus
2538 3049 2773 3114 quem-

273 3148 444 3196 nam
469 3128 669 3195 finem
697 3129 881 3194 vitae
909 3128 1116 3194 simus
1142 3127 1422 3194 nacturi.
1463 3126 1702 3194 Utrum
1740 3127 1850 3212 pie
1890 3130 1959 3194 et
1977 3127 2159 3212 juste
2188 3132 2456 3212 agentes
2485 3129 2775 3196 invenie-

275 3231 634 3306 martum,
683 3247 772 3293 an
814 3227 1146 3294 contraria
1185 3226 1408 3293 virtuti
1450 3225 1802 3312 [agentes]‚
1852 3227 2247 3310 arripiemur
2286 3247 2330 3292 a
2378 3227 2773 3294 terribilibus

273 3327 530 3411 angelis
557 3327 672 3412 qui
697 3328 989 3393 animam
1019 3327 1404 3410 requirent?
1429 3325 1488 3392 Ο
1511 3343 1759 3392 vanum
1788 3325 2083 3392 laborem
2113 3327 2479 3410 praesentis
2500 3327 2771 3397 saeculi!

195 3439 204 3446 ·
273 3425 342 3494 O
363 3425 768 3510 voluptatem
797 3426 1104 3491 omnibus
1125 3424 1462 3491 doloribus
1483 3425 1825 3491 refertam!
1844 3423 1903 3490 Ο
1926 3442 2219 3491 errorem
2246 3428 2315 3492 et
2336 3425 2609 3491 nimiam
2632 3426 2773 3492 irri-

275 3525 564 3592 sionem!
577 3523 996 3609 Neglegimus
1019 3525 1200 3590 illam
1223 3543 1394 3608 quae
1422 3523 1739 3590 clarificat
1758 3527 1827 3590 et
1846 3522 2153 3590 inlustrat
2168 3523 2498 3608 virtutem,
2514 3528 2581 3590 et
2603 3526 2775 3592 circa

277 3639 368 3689 ea
423 3641 596 3707 quae
645 3622 882 3688 stabile
929 3622 1092 3688 nihil
1139 3621 1412 3701 habent,
1462 3621 1582 3688 sed
1623 3621 1943 3689 solvenda
1988 3625 2141 3688 sunt
2190 3622 2389 3707 plane
2444 3622 2773 3690 inhiantes

279 3725 522 3806 sponte
549 3739 869 3788 erramus
890 3721 1268 3804 Theognius
1297 3739 1378 3787 ex
1404 3721 1745 3806 quadratis
1786 3720 2045 3787 virtutis
2070 3721 2401 3806 lapidibus
2442 3722 2771 3789 civitatem

275 3821 410 3888 sibi
429 3820 498 3887 in
521 3821 708 3888 caelo
749 3821 1146 3902 aedificavit,
1163 3839 1300 3886 nos
1327 3823 1552 3887 autem
1579 3839 1666 3886 ex
1685 3819 2203 3905 quadrangulari
2230 3819 2483 3886 malitia
2504 3825 2569 3887 et
2596 3823 2773 3904 cogi-

275 3920 640 3987 tationibus
687 3939 960 4005 prorsus
1002 3919 1450 3986 avertentibus
1479 3938 1524 3986 a
1549 3919 1729 3986 bono
1768 3919 2086 3986 immobili
2114 3937 2249 3986 non
2274 3919 2403 3986 nisi
2426 3921 2772 3988 tabernam

275 4020 447 4100 heic,
475 4019 720 4086 inimici
745 4019 1173 4104 malignitate,
1202 4018 1566 4086 condimus.
1611 4017 2005 4084 Divitiarum
2034 4019 2211 4084 enim
2234 4020 2303 4085 et
2328 4007 2771 4104 applausunm

277 4118 774 4185 mundanorum
825 4124 891 4185 et
933 4119 1292 4185 fluxarum
1305 4136 1528 4185 rerum
1555 4119 1881 4198 amantes,
1922 4135 1966 4182 a
2006 4117 2361 4202 superioris
2388 4118 2547 4184 boni
2572 4118 2771 4186 dilec-

277 4218 470 4285 tione
495 4217 744 4284 alienos
773 4221 842 4284 et
867 4217 1130 4284 exsules
1154 4216 1596 4300 nosmetipsos
1639 4215 2122 4283 constituimus.
2156 4214 2499 4302 vaniloqui
2540 4235 2771 4284 sumus

277 4321 348 4384 et
379 4336 632 4401 segnes,
667 4321 1190 4384 murmuratores
1218 4319 1286 4382 et
1313 4315 1650 4399 querulosi
1683 4315 1803 4400 (1).
1830 4315 2167 4382 Mundana
2194 4315 2251 4381 si
2279 4315 2427 4400 quis
2455 4319 2522 4382 et
2548 4316 2771 4400 turpia

279 4418 486 4484 verba
513 4421 760 4495 narrat,
787 4416 950 4483 nihil
971 4417 1146 4482 hono
1169 4415 1434 4481 animae
1459 4414 1917 4493 conducentia,
1937 4414 2057 4481 sed
2078 4413 2297 4498 potius
2324 4415 2577 4494 nociva,
2599 4415 2771 4481 inhi-

277 4520 470 4583 antes
517 4535 748 4582 omnes
803 4515 1110 4582 auditum
1156 4513 1348 4579 malis
1403 4513 1624 4580 verbis
1665 4513 1979 4580 ardenter
2034 4512 2431 4628 praebemus
2479 4514 2549 4580 in
2590 4515 2767 4580 malo

277 4615 612 4682 delectati.
641 4613 932 4681 Verbum
975 4617 1199 4680 autem
1243 4612 1721 4678 adhortationis
1752 4617 1816 4678 et
1856 4612 2083 4678 salutis
2113 4612 2169 4677 si
2198 4612 2345 4696 quis
2369 4613 2682 4697 quandoq
2690 4632 2769 4679 ue

343 4841 424 4910 (1)
457 4831 788 4914 Γογγυσταὶ,
815 4834 1196 4912 μεμψίμοιροι,
1221 4853 1292 4894 ex
1313 4857 1394 4910 ep.
1410 4839 1612 4902 Judae,
1641 4838 1721 4894 16.
