3425 5584
332 828 362 859 ‘¹
383 831 496 883 cod.

290 894 544 964 fecitque.

250 3925 281 3959 ¹·
305 3928 433 3982 add.
455 3942 598 3981 corr.

663 419 808 493 392².
1133 440 1298 493 vrrs
1349 440 1438 493 m·
1489 438 1847 493 maecum
1896 434 1961 494 s.
2012 438 2223 493 parm
2276 438 2708 494 mnus-rim.

741 638 808 697 9.
851 630 1016 697 Item
1043 630 1374 713 quaedam
1399 630 1647 696 domna
1673 630 1759 695 de
1788 628 2029 695 Asculo
2056 628 2386 695 Marchiae
2408 630 2621 695 visum
2650 630 2964 697 amiserat
2983 648 3151 695 ocu·

659 729 888 795 lorum.
927 729 1220 795 Audiens
1262 730 1444 813 quod
1489 730 1614 795 iste
1657 730 1753 793 vir
1790 728 1910 795 Dei
1951 733 2220 795 sanctus
2256 732 2443 795 tanta
2482 728 2796 795 miracula
2838 728 3149 807 faciebat,

659 826 862 893 fecit*
897 846 970 893 se
1019 828 1354 911 deportari
1401 832 1555 894 ante
1604 826 1839 894 cellam
1886 826 2057 893 illius
2104 827 2317 893 sancti
2364 826 2505 893 viri.
2556 826 2640 893 Et
2686 828 2843 913 quia
2897 846 3151 911 magna

663 926 1011 993 multitudo
1045 927 1336 1010 gentium
1373 931 1518 994 erat
1551 926 1641 991 ibi
1677 930 2031 1011 expectans
2080 926 2601 994 benedictionem
2642 946 2686 994 a
2718 930 2951 993 sancto
3001 926 3153 991 viro

662 1026 932 1093 tandem
983 1026 1162 1093 venit
1207 1026 1292 1093 ad
1335 1026 1691 1093 fenestram
1742 1024 1829 1092 ad
1847 1024 2165 1099 dandam
2215 1025 2735 1093 benedictionem
2796 1025 2923 1092 iuis
2972 1026 3153 1091 sicut
3184 1048 3213 1096 s

661 1129 1108 1192 consueverat.
1165 1124 1292 1205 Qui
1339 1125 1861 1192 circumstabant
1906 1124 2061 1191 huic
2108 1124 2437 1204 dominae,
2492 1125 2861 1193 dixerunt:
2918 1124 3155 1211 Sur-9⁶,

663 1224 946 1307 domina,
993 1244 1122 1289 occe
1138 1231 1332 1309 pater
1365 1230 1625 1290 candus
1655 1225 1866 1289 vona.-
1889 1242 2050 1311 roya
2079 1222 2287 1290 Deum
2328 1230 2402 1289 ut
2442 1230 2503 1291 tc
2542 1224 2821 1311 adjuvet.
2846 1224 2959 1290 ,Et
2992 1242 3155 1290 cum

664 1324 980 1391 erexisset
1027 1327 1226 1407 caput
1265 1343 1460 1391 suum
1508 1342 1741 1391 versus
1795 1326 2057 1408 patrem
2104 1327 2174 1390 et
2220 1323 2381 1391 dum
2426 1324 2616 1391 daret
2664 1324 3035 1391 orationem
3082 1324 3155 1389 et

663 1422 1204 1503 benedictionem,
1241 1423 1464 1491 statim
1519 1422 1688 1489 hora
1714 1422 1827 1489 illa
1855 1422 2114 1501 revidit,
2144 1426 2213 1489 et
2258 1422 2623 1506 glorificare
2662 1422 2879 1491 Deum
2904 1423 3155 1506 coepit.

663 1522 822 1587 Inde
861 1521 1140 1588 liberata
1165 1540 1206 1587 a
1235 1522 1551 1589 caecitate
1576 1540 1712 1605 qua
1740 1506 2157 1589 detinebatur
2174 1522 2463 1589 recessit.
3184 1542 3239 1593 ιο

755 1629 864 1687 10.
899 1620 1070 1687 Item
1112 1620 1442 1705 quaedam
1481 1620 1715 1687 mulier
1755 1619 1842 1688 de
1882 1620 2141 1687 Aversa
2188 1603 2444 1689 rettqu
2472 1640 2589 1689 ore
2623 1640 2745 1688 suo
2779 1621 2961 1706 quod
2992 1640 3151 1687 cum

669 1720 867 1786 frater
913 1718 1146 1787 Petrus
1201 1720 1529 1787 transibat
1573 1738 1695 1804 per
1738 1719 2049 1803 Capriam
2100 1720 2251 1787 fecit
2289 1738 2364 1788 se
2392 1740 2435 1787 a
2465 1721 2604 1788 viro
2637 1740 2781 1801 suc,
2828 1720 3153 1788 Nicholao

667 1819 954 1897 nomine,
994 1818 1330 1904 deportari
1357 1818 1444 1885 ad
1491 1812 1706 1885 illum.
1732 1818 2065 1886 Amiserat
2096 1819 2274 1887 enim
2308 1820 2535 1888 lumen
2578 1820 2917 1887 oculorum
2960 1823 3035 1904 ‚et
3082 1819 3155 1885 in

668 1918 1010 1984 medicinis
1035 1919 1247 1986 multa
1281 1919 1706 2003 expenderat,
1742 1918 1863 2001 sed
1896 1918 2059 1985 nihil
2093 1918 2357 2003 profuit.
2387 1916 2621 1987 Dicens
2646 1920 2823 1987 intra
2860 1939 2937 1986 se
2962 1918 3156 2003 quod

667 2017 725 2082 si
779 2022 1006 2101 posset
1047 2022 1319 2101 tangere
1367 2018 1636 2085 fratrem
1686 1996 1957 2085 Petrum
2004 2018 2321 2085 credebat
2354 2038 2427 2085 se
2476 2020 2701 2085 statim
2748 2019 3032 2097 liberari,
3084 2021 3157 2083 et
3188 2036 3245 2087 ιε

668 2116 983 2213 sperabat
1003 2118 1188 2201 quod
1223 2118 1506 2206 domnus
1525 2117 1941 2185 Stancardus
1969 2118 2317 2202 adjuvaret
2344 2118 2523 2203 illam
2562 2123 2635 2193 ut
2658 2122 2887 2203 posset
2915 2137 3153 2202 perve-

667 2216 808 2280 nire
835 2214 922 2281 ad
963 2220 1210 2283 tactum
1248 2200 1466 2283 fratris
1505 2216 1704 2283 Petri.
1742 2216 1936 2295 Quod
1982 2218 2077 2284 ita
2126 2216 2373 2283 factum
2428 2221 2547 2295 est,
2602 2221 2672 2284 et
2728 2217 2903 2283 tacto
2958 2218 3153 2301 signo

669 2318 938 2381 sanctae
977 2316 1186 2381 crucis
1225 2316 1314 2383 ab
1341 2316 1576 2383 eodem
1603 2315 1831 2382 statim
1858 2315 1969 2381 illa
1995 2316 2233 2383 lumen
2246 2316 2493 2401 recepit
2518 2321 2587 2383 et
2612 2316 2919 2383 omnibus
2944 2317 3151 2383 mira-

667 2412 798 2478 bile
826 2414 1041 2481 visum
1067 2415 1207 2481 fuit.

757 2523 870 2581 11.
917 2513 1083 2579 Item
1122 2514 1302 2598 apud
1333 2514 1719 2599 Mynianum
1754 2514 2085 2599 quaedam
2127 2514 2363 2581 mulier
2396 2515 2605 2599 ‘longo
2653 2518 2953 2599 tempore
2991 2516 3151 2582 bra·
3182 2529 3237 2580 sn

669 2615 902 2683 chium.
924 2614 1238 2681 amiserat
1271 2614 1367 2680 ita
1394 2614 1573 2697 quod
1608 2614 1697 2680 ad
1738 2632 1817 2680 os
1844 2632 2039 2701 suum
2094 2633 2231 2680 non
2257 2616 2519 2698 poterat
2545 2614 2915 2699 deportare.
2958 2614 3153 2694 Quae

668 2717 879 2801 gratia
907 2715 1027 2781 Dei
1053 2719 1122 2782 et
1149 2715 1398 2781 meritis
1425 2715 1646 2781 fratris
1674 2714 1853 2781 Petri
1879 2719 2037 2781 tunc
2064 2714 2187 2781 fuit
2211 2714 2509 2783 liberata.

758 2823 868 2881 12.
911 2815 1076 2881 Item
1122 2814 1192 2880 in
1247 2813 1484 2881 eadem
1530 2818 1706 2880 terra
1754 2814 1971 2887 tuerat
2016 2813 2289 2897 quidam
2336 2816 2451 2899 qui
2503 2816 2863 2883 vocabatur
2912 2815 3155 2881 Petrus

668 2914 730 2980 N
730 2913 965 2980 icholai
986 2912 1070 2979 de
1107 2912 1281 2980 Mala
1314 2912 1528 2991 Petra,
1551 2906 1666 2997 qui
1693 2912 1909 2981 fuerat
1938 2912 2332 3005 aboculusa
2352 2915 2694 2981 nativitate
2728 2933 2855 2981 sua
2892 2914 3153 2981 habens

666 3014 730 3081 X
757 3013 860 3079 vel
887 3011 978 3078 XI
1007 3030 1256 3079 annos:
1284 3012 1372 3079 ad
1400 3011 1927 3079 benedictionem
1953 3011 2275 3096 praedicti
2310 3012 2531 3080 fratris
2566 3013 2745 3080 Petri
2776 3014 3153 3080 restitutum
3182 3024 3243 3074 ιι

669 3117 768 3179 est
795 3111 921 3178 sibi
939 3110 1162 3177 lumen
1189 3111 1823 3187 ‚oculorumsuorum
1842 3112 2054 3194 gratia
2077 3110 2194 3179 Dei
2222 3116 2291 3179 et
2318 3113 2567 3179 meritis
2587 3112 2977 3179 venerabilis
3004 3114 3152 3179 viri.

757 3218 867 3277 13.
891 3212 1056 3276 Item
1083 3210 1414 3295 quaedam
1441 3209 1527 3276 de
1557 3214 1789 3277 sancto
1824 3208 2022 3277 Petro
2046 3210 2219 3277 Nifia
2246 3212 2558 3277 amiserat
2590 3230 2795 3279 unam
2822 3212 2911 3278 de
2936 3212 3153 3279 mani·

668 3312 814 3389 bus,
841 3312 908 3375 in
939 3314 1198 3375 tantum
1225 3310 1405 3394 quod
1425 3329 1576 3377 cum
1604 3328 1685 3376 ea
1706 3308 1867 3375 nihil
1890 3313 2155 3393 poterat
2174 3311 2453 3393 operari.
2476 3310 2757 3379 Ostensa
2776 3311 2921 3397 ipsa
2944 3330 3152 3377 manu

669 3410 1052 3476 ad-fratrem
1084 3408 1356 3475 Petrum
1383 3409 1452 3475 in
1481 3409 1608 3487 via,
1631 3408 1829 3493 jussit
1854 3428 1928 3474 se
1956 3404 2196 3475 adduci
2224 3409 2397 3477 Nifia
2422 3410 2509 3476 ad
2534 3414 2843 3477 sanctum
2872 3411 3151 3477 stati-em

668 3508 955 3576 Petrum.
1003 3509 1240 3575 Statim
1289 3508 1498 3592 gratia
1541 3508 1659 3573 Dei
1688 3511 1755 3573 et
1793 3507 2047 3573 meritis
2086 3507 2291 3591 ipsius
2334 3509 2543 3593 patris
2578 3510 2883 3577 restituta
2924 3510 3052 3576 fuit
3088 3510 3147 3577 ei
3178 3524 3235 3575 ω

669 3627 908 3675 manus
936 3609 1076 3692 ejus
1097 3607 1391 3673 vivificae
1409 3606 1696 3674 sanitati.

757 3716 871 3773 14.
919 3708 1081 3773 Item
1112 3706 1440 3791 quaedam
1485 3707 1719 3773 mulier
1752 3707 1820 3771 in
1861 3706 2031 3771 lecto
2060 3706 2447 3791 portabatur
2486 3707 2756 3772 detenta
2783 3726 2828 3773 a
2846 3706 3149 3790 plurimis

669 3806 1156 3873 infirmitatibus
1177 3806 1394 3890 posita
1419 3824 1642 3871 coram
1671 3805 1873 3871 fratre
1893 3805 2091 3872 Petro
2120 3810 2187 3871 et
2212 3805 2469 3888 signata
2487 3823 2607 3888 per
2634 3796 2917 3871 eundem
2961 3806 3151 3890 signo

671 3907 879 3973 crucis
918 3910 1098 3973 sanci
1109 3925 1210 3972 ae
1255 3904 1442 3983 Quae
1471 3904 1696 3971 statim
1738 3906 2021 3971 surrexit
2062 3902 2181 3988 [et]
2204 3904 2239 3945 *
2276 3903 2366 3970 ad
2401 3903 2673 3971 domum
2720 3922 2915 3971 suam
2952 3905 3151 3970 rediit

669 4006 960 4074 referens
988 4006 1233 4090 gratias
1261 4004 1400 4071 Deo
1426 4008 1654 4070 nostro
1679 4001 1717 4069 J
1718 4022 1838 4071 esu
1860 4003 2139 4071 Christo.
3182 4024 3239 4075 ω

757 4115 868 4172 15.
909 4106 1074 4171 Item
1109 4104 1380 4188 quidam
1402 4103 1486 4169 de
1527 4106 1757 4170 sancto
1795 4102 1961 4180 Vito,
1990 4102 2103 4186 qui
2138 4084 2411 4171 claudi}
2460 4103 2696 4182 fuerat,
2742 4102 3151 4169 orationibus

668 4204 878 4271 sancti
907 4204 1112 4288 patris
1149 4207 1216 4270 et
1245 4202 1362 4269 Dei
1391 4201 1839 4268 misericordia
1866 4200 1987 4267 fuit
2012 4201 2329 4268 liberatus
2358 4206 2427 4267 et
2464 4202 2778 4269 salvatus.

760 4312 870 4371 16.
918 4303 1084 4369 Item
1112 4301 1382 4387 quidam
1413 4300 1499 4367 de
1520 4300 1760 4379 Insula,
1792 4300 1904 4384 qui
1927 4299 2121 4383 longo
2142 4304 2439 4384 tempore
2462 4300 2793 4384 loquelam
2816 4302 3149 4381 amiserat,

667 4402 879 4487 gratia
907 4402 1018 4469 Dei
1047 4407 1115 4469 et
1134 4402 1382 4468 meritis
1412 4400 1621 4467 sancti
1645 4401 1876 4486 patris,
1904 4420 2055 4465 cum
2077 4399 2253 4465 vitae
2281 4399 2601 4478 transivit,
2620 4401 2853 4489 ,ipsam
2880 4402 3150 4485 recepit.

757 4512 866 4570 17.
909 4503 1073 4569 Item
1095 4501 1364 4585 quidam
1393 4500 1476 4567 de
1505 4499 1773 4567 castello
1801 4498 2024 4564 domni
2047 4498 2272 4582 Papae
2300 4499 2509 4564 sancti
2538 4498 2623 4565 de
2650 4498 2846 4565 Selva
2871 4499 2957 4566 de
2987 4498 3150 4566 Mori
3178 4515 3231 4567 ιο

669 4604 738 4667 et
765 4602 952 4667 multi
981 4600 1090 4666 alii
1117 4600 1206 4667 ab
1231 4599 1737 4665 infirmitatibus·
1753 4597 2028 4663 diversis
2058 4596 2274 4663 sanati
2302 4599 2371 4662 et
2398 4596 2657 4664 liberati
2694 4597 2981 4676 fuerunt,
3030 4598 3151 4665 sed

666 4720 800 4768 non
830 4702 1184 4783 potuerunt
1210 4698 1400 4765 scribi
1432 4702 1700 4782 propter
1726 4696 2141 4763 velocitatem
2184 4714 2386 4781 quam
2420 4696 2715 4763 habebat
2742 4697 3147 4765 camerarius

670 4799 892 4866 domni
920 4798 1144 4882 Papae
1176 4797 1458 4864 ducendi
1485 4796 1896 4881 praedictum
1918 4800 2178 4880 patrem
2206 4794 2295 4863 ad
2334 4794 2609 4879 Papam.
