3425 5584
1161 485 1481 540 nrtscom
1531 483 1902 539 snmus.
2172 471 2183 483 ’
2232 473 2235 476 ’
2701 465 2797 540 87

301 678 512 749 κύλικι
540 678 583 715 ⁰
623 679 845 757 ὕδατος
867 683 982 760 τὴν
1011 682 1291 775 ἀνάγκην
1324 682 1434 746 τοῦ
1461 679 1680 773 δίψους
1718 679 2157 768 κατασβεννὺς,
2175 681 2390 775 μαχήν
2417 707 2483 748 τε
2508 684 2803 774 καρτερὰν

300 799 400 866 ἀεὶ
431 799 586 890 πρὸς
611 797 756 874 τοὺς
790 795 892 863 διὰ
923 799 1047 865 τῶν
1083 794 1442 888 ἀκαθάρτων
1466 791 1794 891 λογισμῶν
1818 793 2243 895 πολεμοῦντας
2268 796 2640 887 ποιούμενος
2670 796 2802 865 δαί-

305 937 523 1003 μονας.
577 913 697 980 Καὶ
727 909 808 992 ἦν
860 909 1107 993 ἀληθῶς
1145 912 1230 989 ὡς
1251 911 1537 1006 ’ἐπίγειος
1589 915 1843 1006 φωστὴρ
1882 916 1945 980 ἐν
1976 909 2067 1000 τῷ
2112 909 2403 1000 σπηλαίῳ
2445 917 2523 1008 τῇ
2564 914 2805 1006 ἡσυχίᾳ

301 1028 408 1096 καὶ
452 1032 530 1124 τῇ
583 1027 842 1108 ἀσκήσει
873 1027 1228 1122 προσέχων,
1271 1027 1584 1108 νηστείαις
1638 1029 2129 1120 προσκαρτερῶν,
2170 1029 2543 1122 χαμευνίαις
2578 1053 2649 1094 τε
2700 1028 2803 1093 καὶ

237 1164 271 1215 ε
305 1139 632 1234 κλαυθμῷ,
675 1143 1040 1237 ἀγρυπνίαις
1073 1134 1142 1208 τε
1175 1142 1279 1210 καὶ
1331 1143 1593 1236 συχναῖς
1638 1138 2058 1237 γὀνυκλισίαις
2115 1143 2221 1208 καὶ
2260 1148 2338 1240 τῇ
2399 1139 2628 1237 μελέτῃ
2678 1143 2803 1209 τῶν

301 1255 540 1352 λογίων
575 1259 686 1324 τοῦ
711 1255 1084 1347 πνεύματος.
1110 1256 1534 1337 Πεντηκοστὸν
1564 1254 1630 1322 δὲ
1655 1253 1891 1347 νομίζω
1916 1258 2030 1336 τῆς
2056 1253 2225 1336 ζωῆς
2258 1253 2413 1351 ἦγεν
2445 1257 2585 1322 τότε
2621 1253 2755 1333 ἔτος
2780 1278 2797 1295 ·

303 1369 582 1467 ἤρχοντο
619 1371 684 1439 δὲ
715 1367 942 1439 πολλοὶ
973 1372 1125 1464 πρὸς
1159 1371 1345 1438 αὐτὸν
1397 1366 1790 1465 ὠφεληθῆναι
1834 1366 2224 1461 βουλόμενοι.
2274 1371 2572 1466 Διέτρεχε
2607 1374 2726 1466 γὰρ
2760 1372 2803 1452 ἦ

305 1487 452 1579 περὶ
485 1488 676 1554 αὐτοῦ
702 1487 908 1582 φήμη,
948 1487 1051 1553 καὶ
1086 1485 1341 1563 ἕκαστος
1373 1487 1501 1554 τῶν
1535 1471 1912 1580 ἐρχομένων,
1926 1483 2230 1580 διαφόρων
2264 1483 2535 1578 θλίψεων
2572 1487 2796 1562 ἕνεκεν,

308 1603 729 1697 ψυχαγωγίας
761 1603 866 1667 καὶ
903 1604 1112 1682 ἱκανῆς
1141 1595 1494 1693 ἀναψύξεως
1523 1600 1882 1693 αἰσθόμενος
1919 1603 2077 1692 μετὰ
2100 1605 2304 1694 χαρᾶς
2337 1601 2698 1696 ὑπέστρεφε.

209 1740 276 1792 ω
415 1728 486 1788 9.
535 1717 664 1804 Mu}
689 1717 754 1784 δὲ
779 1720 902 1785 τῶν
933 1719 1169 1785 νυκτῶν
1195 1714 1426 1792 δειλίας
1462 1718 1630 1806 αὐτῷ
1680 1714 2025 1810 λογισμοὺς
2072 1713 2419 1804 ὑποβάλλει
2472 1718 2506 1784 ὁ
2562 1715 2793 1801 δόλιος,

309 1833 418 1899 καὶ
478 1836 646 1925 μετὰ.
692 1835 902 1916 τοῦτο,
971 1834 1220 1910 σκοτίας
1283 1829 1472 1913 οὔσης
1542 1817 1815 1920 βαθείας,
1888 1831 2160 1899 δείκνυσι
2204 1830 2383 1912 δῆθεν
2444 1833 2803 1927 Σαρακηνὸν

311 1950 714 2039 σπασάμενον
761 1947 831 2040 τὸ
859 1943 1030 2042 ξίφος
1082 1948 1186 2014 καὶ
1238 1943 1608 2015 ἀπειλοῦντα
1663 1945 1855 2038 αὐτῷ,
1908 1950 1967 2014 εἰ
2016 1949 2105 2037 μὴ
2142 1944 2357 2013 θᾶττον
2410 1941 2643 2026 ἐξέλθοι
2693 1949 2804 2014 τοῦ

310 2061 656 2145 σπηλαίου,
695 2065 888 2158 τάχος
920 2063 1139 2130 τούτου
1168 2064 1476 2154 ἐκτέμνειν
1510 2065 1624 2144 τὴν
1669 2059 1958 2157 κεφαλήν.
2016 2058 2265 2140 Δειλίας
2305 2063 2510 2130 τοίνυν
2554 2059 2805 2156 πλήρης

310 2181 646 2274 γενόμενος
671 2180 704 2247 ὁ
739 2181 890 2272 ἀνὴρ
917 2177 1154 2260 ἐκπηδᾶ
1177 2181 1286 2246 τοῦ
1321 2175 1655 2270 σπηλαίου,
1666 2179 1772 2246 καὶ
1794 2179 1901 2246 τὸν
1927 2176 2083 2246 Θεὸν
2113 2177 2365 2246 ἱκετεύει
2390 2180 2461 2246 τὸ
2491 2179 2804 2273 συμφέρον

211 2317 280 2365 ιο
313 2298 602 2376 ποιῆσαι.
656 2293 776 2361 Καὶ
822 2293 900 2374 δὴ
958 2297 1346 2389 παραχρῆμα
1399 2295 1605 2388 φανεὶς
1649 2297 1817 2383 αὐτῷ
1877 2289 2143 2388 ἄγγελός
2198 2317 2351 2390 φησι
2415 2294 2568 2387 πρὸς
2619 2296 2803 2362 αὐτὸν

313 2617 562 2701 poculo
603 2635 818 2701 aquae
861 2617 1323 2684 necessitatem
1378 2617 1522 2682 sitis
1569 2617 2003 2700 restinguens,
2047 2636 2474 2701 pugnamque
2518 2615 2808 2682 validam

316 2716 638 2785 continuo
693 2719 924 2782 contra
992 2715 1349 2782 daemones
1397 2735 1518 2799 per
1567 2717 1861 2800 impuras
1922 2716 2346 2798 cogitationes
2402 2715 2805 2782 debellantes

311 2816 689 2880 instituens.
719 2814 880 2881 Erat
897 2834 972 2880 re
1001 2813 1272 2898 quidem
1307 2834 1468 2881 vera
1503 2815 1696 2898 quasi
1737 2818 2049 2881 terrestre
2088 2817 2361 2894 astrum,
2396 2815 2465 2881 in
2495 2813 2809 2897 spelunca

311 2913 653 2980 solitudini
709 2918 776 2980 et
843 2914 1165 2982 asceticae
1231 2913 1408 2980 vitae
1473 2933 1737 2994 vacans,
1788 2913 2052 2998 jejuniis
2109 2914 2434 2994 insistens,
2494 2932 2619 2979 nec
2672 2933 2807 2979 non

312 3011 744 3092 chameuniiS,
814 3013 1183 3096 gemitibus,
1251 3013 1484 3096 vigiliis
1558 3014 1626 3079 et
1689 3011 2015 3078 continuis
2078 3011 2662 3096 genuflexionibus,
2741 3017 2812 3078 et·

309 3109 734 3176 meditationi
779 3111 1142 3193 scripturae
1197 3109 1579 3193 inspiratae.
1641 3108 2271 3192 Quinquagesimum
2305 3108 2449 3193 jam
2504 3113 2682 3189 tunc,
2738 3109 2809 3174 ni

313 3207 530 3286 fallor,
544 3207 734 3272 -vitae
761 3208 999 3290 agebat
1028 3225 1276 3272 anuum
1323 3205 1438 3292 (l),
1491 3225 1644 3272 cum
1688 3209 2009 3272 venerunt
2050 3202 2312 3290 plurimi
2356 3205 2443 3270 ad
2492 3224 2646 3271 eum
2696 3206 2809 3289 qui

309 3305 617 3390 adjuvari
641 3305 759 3390 [ab
786 3305 960 3390 ipso]
992 3308 1324 3389 cuperent.
1349 3305 1865 3389 Dispergebatur
1887 3305 2063 3371 enim
2085 3305 2169 3370 de
2192 3324 2270 3372 eo
2294 3304 2493 3382 fama,
2518 3307 2586 3370 et
2606 3323 2808 3370 unus-

309 3404 598 3489 quisque
635 3405 1054 3484 venientium,
1103 3403 1522 3470 diversarum
1572 3404 1999 3471 afflictionum
2046 3405 2273 3488 gratia,
2307 3403 2569 3470 animae
2598 3403 2810 3469 direc-

309 3506 564 3571 tionem
593 3507 662 3569 et
683 3503 1073 3570 conveniens
1095 3502 1508 3586 refrigerium
1540 3507 1851 3587 expertus
1879 3522 2031 3570 curn
2058 3503 2301 3586 gaudio
2328 3504 2805 3568 revertebatur.

395 3611 467 3670 9.
496 3601 802 3682 Quadam
849 3604 1074 3668 autem
1120 3605 1316 3668 nocte
1367 3603 1620 3668 timoris
1663 3602 1789 3686 ipsi
1832 3603 2255 3686 cogitationes
2291 3601 2575 3668 subiecit
2610 3600 2811 3668 fallax

309 3701 672 3788 [spiritus]‚
695 3705 762 3767 et
781 3705 1148 3785 praeterea,
1168 3721 1322 3768 cum
1341 3701 1660 3768 tenebrae
1683 3705 1902 3768 essent
1916 3701 2187 3784 spissae,
2209 3699 2498 3768 ostendit
2540 3701 2807 3785 quidem

309 3802 755 3868 sarracenum
786 3801 900 3885 (2),
928 3802 1061 3885 qui,
1085 3799 1378 3867 districto
1408 3799 1643 3883 gladio,
1665 3800 2045 3866 minabatur
2065 3801 2208 3883 ipsi,
2228 3800 2356 3866 nisi
2384 3799 2574 3866 citius
2604 3799 2810 3866 exiret

311 3920 354 3966 e
396 3917 705 3984 caverna,
726 3900 950 3966 statim
974 3899 1115 3983 eJ‘us
1138 3917 1213 3965 se
1235 3901 1737 3983 amputaturum
1766 3902 1983 3983 caput.
2010 3897 2275 3966 Timore
2301 3899 2495 3985 proin
2512 3898 2810 3983 'repletus

309 3999 420 4064 vir
448 3997 688 4064 exsiliit
729 4018 766 4064 e
794 4017 1014 4083 specu,
1045 4003 1112 4064 et
1138 3999 1354 4065 Deum
1383 3999 1597 4063 oravit
1621 4001 1699 4066 ut
1727 3998 1906 4083 quod
1946 3997 2292 4082 prodesset
2320 3997 2630 4064 efficeret.
2658 3996 2811 4063 Ilico

317 4245 644 4312 Gotovicus,
687 4246 1052 4301 Itius-arium
1097 4245 1671 4314 Hierosolymitanum,
1713 4260 1765 4314 p.
1806 4245 1890 4311 92,
1930 4243 2045 4310 24⁷,
2082 4248 2139 4299 et
2178 4243 2375 4309 Buhle,
2420 4245 2813 4300 Calenam-ium

311 4331 666 4385 Palaestinae
696 4331 1108 4391 oeconomicum,
1135 4343 1188 4396 p.
1223 4327 1305 4391 45,
1328 4326 1576 4383 referunt
1609 4325 1949 4381 ceratoniam
1986 4325 2215 4396 siliquas
2256 4330 2507 4381 maturas
2547 4327 2813 4396 praebere

309 4425 514 4467 mense
527 4409 827 4481 septembri
842 4410 1084 4474 ineunte,
1099 4425 1305 4478 easque
1325 4409 1610 4464 abundare
1622 4409 1682 4463 in
1699 4408 1919 4463 deserto
1936 4409 2166 4463 Joannis
2182 4412 2238 4462 et
2258 4408 2317 4463 in
2334 4407 2521 4464 littore
2538 4407 2732 4464 Gazae.
2745 4435 2813 4449 -—

311 4496 392 4562 (1)
425 4493 641 4548 videsis
661 4509 808 4563 quae
835 4493 904 4547 'de
941 4491 1268 4547 chronotaxi
1292 4491 1440 4547 vitae
1462 4490 1638 4546 sancti
1679 4491 1951 4561 Theognii
1972 4491 2123 4547 dicta
2154 4492 2365 4546 suntin
2386 4490 2811 4561 prolegomenis.

312 4587 384 4633 11⁰
405 4577 458 4631 Ξ.
495 4603 560 4616 -
598 4577 676 4642 (2)
709 4575 834 4630 Jam
859 4590 894 4629 a
936 4575 1120 4630 medio
1161 4574 1384 4629 saeculo
1425 4574 1500 4628 lv
1535 4573 1823 4628 Sarraceni
1858 4574 2208 4628 incurrerunt
2246 4573 2305 4628 in
2349 4573 2736 4639 Palaestinam,
2760 4578 2815 4628 et

313 4657 844 4729 depraedationibus
892 4655 1166 4710 terribiles
1217 4655 1398 4711 effecti
1445 4671 1710 4724 magnum
1751 4655 2009 4710 timorem
2055 4656 2144 4710 vel
2184 4655 2305 4710 solo
2353 4659 2582 4724 aspectu
2620 4654 2814 4711 incolis

312 4739 634 4797 iniciebnnt.
660 4739 768 4794 Cfr.
804 4739 1044 4793 Socratis
1068 4739 1231 4804 His-t„
1255 4737 1346 4800 IV,
1369 4739 1467 4800 363
1495 4738 1802 4802 Sozomeni,
1826 4737 1917 4796 vl.
1944 4737 2035 4802 38;
2059 4736 2369 4806 Nicephori,
2403 4737 2491 4802 xl,
2514 4737 2612 4794 (δι
2635 4737 2815 4792 Theo·

318 4821 524 4893 phanis
548 4822 620 4877 ad
644 4837 773 4876 ann.
797 4821 924 4878 Chr.
951 4822 1068 4876 369.

2853 682 2884 714 *
2907 686 3004 739 cod
3053 674 3249 733 κοίλικι
