<?xml version="1.0" encoding="UTF-8"?>
<!DOCTYPE html PUBLIC "-//W3C//DTD XHTML 1.0 Transitional//EN"
    "http://www.w3.org/TR/xhtml1/DTD/xhtml1-transitional.dtd">
<html xmlns="http://www.w3.org/1999/xhtml" xml:lang="en" lang="en">
 <head>
  <title>
</title>
<meta http-equiv="Content-Type" content="text/html;charset=utf-8" />
  <meta name='ocr-system' content='tesseract 3.04.00' />
  <meta name='ocr-capabilities' content='ocr_page ocr_carea ocr_par ocr_line ocrx_word'/>
</head>
<body>
  <div class='ocr_page' id='page_1' title='image "analectabolland00unkngoog_0129.png"; bbox 0 0 3425 5584; ppageno 0'>
   <div class='ocr_carea' id='block_1_1' title="bbox 265 1286 481 1411">
    <p class='ocr_par' dir='ltr' id='par_1_1' title="bbox 265 1286 481 1411">
     <span class='ocr_line' id='line_1_1' title="bbox 283 1286 446 1340; baseline 0 0"><span class='ocrx_word' id='word_1_1' title='bbox 283 1286 311 1317; x_wconf 77' lang='lat'><strong>¹⁸</strong></span> <span class='ocrx_word' id='word_1_2' title='bbox 336 1288 446 1340; x_wconf 73' lang='lat' dir='ltr'><strong>eod.</strong></span> 
     </span>
     <span class='ocr_line' id='line_1_2' title="bbox 265 1350 481 1411; baseline -0.005 -1"><span class='ocrx_word' id='word_1_3' title='bbox 265 1350 278 1373; x_wconf 76' lang='lat'>‘</span> <span class='ocrx_word' id='word_1_4' title='bbox 289 1352 481 1411; x_wconf 84' lang='grc' dir='ltr'>Ηλίασι</span> 
     </span>
    </p>
   </div>
   <div class='ocr_carea' id='block_1_2' title="bbox 266 1429 473 1576">
    <p class='ocr_par' dir='ltr' id='par_1_2' title="bbox 266 1429 473 1576">
     <span class='ocr_line' id='line_1_3' title="bbox 289 1429 447 1488; baseline 0 -1"><span class='ocrx_word' id='word_1_5' title='bbox 289 1429 318 1463; x_wconf 78' lang='lat'><strong>&#39;¹&#39;</strong></span> <span class='ocrx_word' id='word_1_6' title='bbox 335 1436 447 1488; x_wconf 81' lang='lat' dir='ltr'><strong>eod.</strong></span> 
     </span>
     <span class='ocr_line' id='line_1_4' title="bbox 266 1499 473 1576; baseline 0.005 -19"><span class='ocrx_word' id='word_1_7' title='bbox 266 1499 473 1576; x_wconf 80' lang='grc' dir='ltr'>μηλίοις</span> 
     </span>
    </p>
   </div>
   <div class='ocr_carea' id='block_1_3' title="bbox 289 1862 446 2005">
    <p class='ocr_par' dir='ltr' id='par_1_3' title="bbox 289 1862 446 2005">
     <span class='ocr_line' id='line_1_5' title="bbox 289 1862 446 1917; baseline 0.006 -1"><span class='ocrx_word' id='word_1_8' title='bbox 289 1862 446 1917; x_wconf 62' lang='lat' dir='ltr'><strong>*cod</strong></span> 
     </span>
     <span class='ocr_line' id='line_1_6' title="bbox 294 1928 442 2005; baseline -0.007 -18"><span class='ocrx_word' id='word_1_9' title='bbox 294 1928 442 2005; x_wconf 76' lang='grc' dir='ltr'>αότῷ</span> 
     </span>
    </p>
   </div>
   <div class='ocr_carea' id='block_1_4' title="bbox 619 384 2198 461">
    <p class='ocr_par' dir='ltr' id='par_1_4' title="bbox 619 384 2198 461">
     <span class='ocr_line' id='line_1_7' title="bbox 619 384 2198 461; baseline 0.001 -4"><span class='ocrx_word' id='word_1_10' title='bbox 619 384 758 457; x_wconf 87' lang='grc'><strong>116</strong></span> <span class='ocrx_word' id='word_1_11' title='bbox 1508 405 1694 459; x_wconf 66' lang='lat' dir='ltr'><strong>scu</strong></span> <span class='ocrx_word' id='word_1_12' title='bbox 1744 407 1807 460; x_wconf 78' lang='lat' dir='ltr'><strong>s,</strong></span> <span class='ocrx_word' id='word_1_13' title='bbox 1862 405 2198 461; x_wconf 70' lang='lat' dir='ltr'><strong>rnnoexm</strong></span> 
     </span>
    </p>
   </div>
   <div class='ocr_carea' id='block_1_5' title="bbox 610 596 3086 925">
    <p class='ocr_par' dir='ltr' id='par_1_5' title="bbox 610 596 3086 925">
     <span class='ocr_line' id='line_1_8' title="bbox 610 596 3084 691; baseline 0 -25"><span class='ocrx_word' id='word_1_14' title='bbox 610 598 751 676; x_wconf 88' lang='grc' dir='ltr'>τοὺς</span> <span class='ocrx_word' id='word_1_15' title='bbox 784 600 924 690; x_wconf 79' lang='grc' dir='ltr'>περὶ</span> <span class='ocrx_word' id='word_1_16' title='bbox 949 600 1062 679; x_wconf 86' lang='grc' dir='ltr'><strong>τὴν</strong></span> <span class='ocrx_word' id='word_1_17' title='bbox 1096 598 1289 678; x_wconf 79' lang='grc' dir='ltr'>αὐτὴν</span> <span class='ocrx_word' id='word_1_18' title='bbox 1339 599 1532 690; x_wconf 82' lang='grc' dir='ltr'>μονὴν</span> <span class='ocrx_word' id='word_1_19' title='bbox 1574 598 1826 677; x_wconf 82' lang='grc' dir='ltr'><strong>τόπους,</strong></span> <span class='ocrx_word' id='word_1_20' title='bbox 1878 598 1982 667; x_wconf 82' lang='grc' dir='ltr'><strong>καὶ</strong></span> <span class='ocrx_word' id='word_1_21' title='bbox 2020 597 2213 691; x_wconf 83' lang='grc' dir='ltr'>εὑρὼν</span> <span class='ocrx_word' id='word_1_22' title='bbox 2259 596 2566 681; x_wconf 72' lang='grc' dir='ltr'>σπήλαιον</span> <span class='ocrx_word' id='word_1_23' title='bbox 2608 601 2961 690; x_wconf 78' lang='grc' dir='ltr'><strong>κατῴκησεν</strong></span> <span class='ocrx_word' id='word_1_24' title='bbox 2997 606 3084 679; x_wconf 88' lang='grc' dir='ltr'><strong>εἰς</strong></span> 
     </span>
     <span class='ocr_line' id='line_1_9' title="bbox 613 712 3086 811; baseline 0.001 -31"><span class='ocrx_word' id='word_1_25' title='bbox 613 715 786 798; x_wconf 81' lang='grc' dir='ltr'>αὐτό,</span> <span class='ocrx_word' id='word_1_26' title='bbox 819 714 920 780; x_wconf 81' lang='grc' dir='ltr'><strong>καὶ</strong></span> <span class='ocrx_word' id='word_1_27' title='bbox 955 712 1166 808; x_wconf 81' lang='grc' dir='ltr'>ὀλίγον</span> <span class='ocrx_word' id='word_1_28' title='bbox 1191 714 1418 809; x_wconf 84' lang='grc' dir='ltr'>χρόνον</span> <span class='ocrx_word' id='word_1_29' title='bbox 1453 716 1646 781; x_wconf 74' lang='grc' dir='ltr'>ἐκεῖσε</span> <span class='ocrx_word' id='word_1_30' title='bbox 1677 714 2033 808; x_wconf 74' lang='grc' dir='ltr'>ἡσυχάσας,</span> <span class='ocrx_word' id='word_1_31' title='bbox 2067 714 2170 781; x_wconf 86' lang='grc' dir='ltr'><strong>καὶ</strong></span> <span class='ocrx_word' id='word_1_32' title='bbox 2212 715 2356 792; x_wconf 82' lang='grc' dir='ltr'>ναὸς</span> <span class='ocrx_word' id='word_1_33' title='bbox 2400 718 2509 783; x_wconf 87' lang='grc' dir='ltr'><strong>τοῦ</strong></span> <span class='ocrx_word' id='word_1_34' title='bbox 2556 717 2859 811; x_wconf 86' lang='grc' dir='ltr'>παναγίου</span> <span class='ocrx_word' id='word_1_35' title='bbox 2902 716 3086 785; x_wconf 83' lang='grc' dir='ltr'>πνεύ-</span> 
     </span>
     <span class='ocr_line' id='line_1_10' title="bbox 616 825 3086 925; baseline 0.001 -29"><span class='ocrx_word' id='word_1_36' title='bbox 616 855 804 920; x_wconf 88' lang='grc' dir='ltr'>ματος</span> <span class='ocrx_word' id='word_1_37' title='bbox 831 829 1102 924; x_wconf 85' lang='grc' dir='ltr'>γεγονὼς</span> <span class='ocrx_word' id='word_1_38' title='bbox 1127 832 1240 911; x_wconf 80' lang='grc' dir='ltr'><strong>τὴν</strong></span> <span class='ocrx_word' id='word_1_39' title='bbox 1267 825 1329 907; x_wconf 78' lang='grc' dir='ltr'><strong>ἐξ</strong></span> <span class='ocrx_word' id='word_1_40' title='bbox 1355 828 1548 921; x_wconf 76' lang='grc' dir='ltr'>ὕψους</span> <span class='ocrx_word' id='word_1_41' title='bbox 1575 828 1833 922; x_wconf 82' lang='grc' dir='ltr'>δύναμιν</span> <span class='ocrx_word' id='word_1_42' title='bbox 1862 828 2266 921; x_wconf 72' lang='grc' dir='ltr'>ἐνδυσάμενος</span> <span class='ocrx_word' id='word_1_43' title='bbox 2292 832 2515 925; x_wconf 85' lang='grc' dir='ltr'>χρόνια</span> <span class='ocrx_word' id='word_1_44' title='bbox 2539 830 2706 913; x_wconf 84' lang='grc' dir='ltr'>πάθη</span> <span class='ocrx_word' id='word_1_45' title='bbox 2730 828 3086 925; x_wconf 75' lang='grc' dir='ltr'>παραδόξως</span> 
     </span>
    </p>
   </div>
   <div class='ocr_carea' id='block_1_6' title="bbox 571 941 3086 1043">
    <p class='ocr_par' dir='ltr' id='par_1_6' title="bbox 571 941 3086 1043">
     <span class='ocr_line' id='line_1_11' title="bbox 571 941 3086 1043; baseline 0.001 -31"><span class='ocrx_word' id='word_1_46' title='bbox 571 1003 581 1012; x_wconf 93' lang='grc'><strong>.</strong></span> <span class='ocrx_word' id='word_1_47' title='bbox 616 948 771 1023; x_wconf 81' lang='grc' dir='ltr'>ἰᾶτο,</span> <span class='ocrx_word' id='word_1_48' title='bbox 813 946 915 1012; x_wconf 86' lang='grc' dir='ltr'><strong>καὶ</strong></span> <span class='ocrx_word' id='word_1_49' title='bbox 975 943 1466 1040; x_wconf 76' lang='grc' dir='ltr'>θαυματουργίας</span> <span class='ocrx_word' id='word_1_50' title='bbox 1511 941 1811 1022; x_wconf 73' lang='grc' dir='ltr'>πλείστας</span> <span class='ocrx_word' id='word_1_51' title='bbox 1858 942 2155 1026; x_wconf 78' lang='grc' dir='ltr'>ἐπετέλει.</span> <span class='ocrx_word' id='word_1_52' title='bbox 2214 944 2400 1014; x_wconf 71' lang='grc' dir='ltr'>’Ὀθεν</span> <span class='ocrx_word' id='word_1_53' title='bbox 2433 949 2780 1042; x_wconf 72' lang='grc' dir='ltr'>περίφημος</span> <span class='ocrx_word' id='word_1_54' title='bbox 2814 946 3086 1043; x_wconf 84' lang='grc' dir='ltr'>γεγονὼς</span> 
     </span>
    </p>
   </div>
   <div class='ocr_carea' id='block_1_7' title="bbox 609 1060 3183 2421">
    <p class='ocr_par' dir='ltr' id='par_1_7' title="bbox 609 1060 3183 2421">
     <span class='ocr_line' id='line_1_12' title="bbox 611 1060 3151 1155; baseline 0.001 -30"><span class='ocrx_word' id='word_1_55' title='bbox 611 1060 801 1141; x_wconf 86' lang='grc' dir='ltr'>κτίζει</span> <span class='ocrx_word' id='word_1_56' title='bbox 837 1063 1030 1149; x_wconf 74' lang='grc' dir='ltr'>ἐαυτῷ</span> <span class='ocrx_word' id='word_1_57' title='bbox 1067 1064 1221 1128; x_wconf 79' lang='grc' dir='ltr'>κατὰ</span> <span class='ocrx_word' id='word_1_58' title='bbox 1253 1060 1598 1153; x_wconf 76' lang='grc' dir='ltr'>πρόσβασιν</span> <span class='ocrx_word' id='word_1_59' title='bbox 1632 1060 1937 1148; x_wconf 84' lang='grc' dir='ltr'>κοινόβιον</span> <span class='ocrx_word' id='word_1_60' title='bbox 1971 1061 2509 1155; x_wconf 74' lang='grc' dir='ltr'>περιφανέστατον.</span> <span class='ocrx_word' id='word_1_61' title='bbox 3122 1083 3151 1128; x_wconf 71' lang='grc' dir='ltr'><strong>ε</strong></span> 
     </span>
     <span class='ocr_line' id='line_1_13' title="bbox 711 1172 3079 1273; baseline -0 -28"><span class='ocrx_word' id='word_1_62' title='bbox 711 1186 778 1245; x_wconf 79' lang='lat'><strong>2.</strong></span> <span class='ocrx_word' id='word_1_63' title='bbox 827 1175 1058 1267; x_wconf 80' lang='grc' dir='ltr'>Χρόνου</span> <span class='ocrx_word' id='word_1_64' title='bbox 1095 1174 1158 1243; x_wconf 77' lang='grc' dir='ltr'><strong>δέ</strong></span> <span class='ocrx_word' id='word_1_65' title='bbox 1191 1200 1354 1268; x_wconf 79' lang='grc' dir='ltr'>τινος</span> <span class='ocrx_word' id='word_1_66' title='bbox 1389 1172 1755 1261; x_wconf 74' lang='grc' dir='ltr'><strong>διελθόντος,</strong></span> <span class='ocrx_word' id='word_1_67' title='bbox 1796 1173 2062 1252; x_wconf 84' lang='grc' dir='ltr'>ἀκούσας</span> <span class='ocrx_word' id='word_1_68' title='bbox 2095 1177 2173 1241; x_wconf 83' lang='grc' dir='ltr'><strong>τὰ</strong></span> <span class='ocrx_word' id='word_1_69' title='bbox 2206 1176 2349 1268; x_wconf 84' lang='grc' dir='ltr'>περὶ</span> <span class='ocrx_word' id='word_1_70' title='bbox 2381 1173 2569 1245; x_wconf 79' lang='grc' dir='ltr'>αὐτοῦ</span> <span class='ocrx_word' id='word_1_71' title='bbox 2605 1178 2636 1244; x_wconf 82' lang='grc' dir='ltr'><strong>ὁ</strong></span> <span class='ocrx_word' id='word_1_72' title='bbox 2680 1179 3079 1273; x_wconf 77' lang='grc' dir='ltr'>ἀρχιεπίσκο·</span> 
     </span>
     <span class='ocr_line' id='line_1_14' title="bbox 609 1286 3081 1385; baseline 0.002 -30"><span class='ocrx_word' id='word_1_73' title='bbox 609 1315 723 1366; x_wconf 90' lang='grc' dir='ltr'>πος</span> <span class='ocrx_word' id='word_1_74' title='bbox 752 1287 962 1381; x_wconf 78' lang='grc' dir='ltr'>Ἠλίας</span> <span class='ocrx_word' id='word_1_75' title='bbox 979 1286 1018 1324; x_wconf 67' lang='lat'><strong><em>⁴</em></strong></span> <span class='ocrx_word' id='word_1_76' title='bbox 1044 1289 1389 1385; x_wconf 77' lang='grc' dir='ltr'>χειροτονεῖ</span> <span class='ocrx_word' id='word_1_77' title='bbox 1405 1292 1588 1357; x_wconf 79' lang='grc' dir='ltr'>αὐτὸν</span> <span class='ocrx_word' id='word_1_78' title='bbox 1616 1292 1948 1359; x_wconf 76' lang='grc' dir='ltr'>ἐπίσκοπον</span> <span class='ocrx_word' id='word_1_79' title='bbox 1973 1292 2082 1357; x_wconf 90' lang='grc' dir='ltr'><strong>τοῦ</strong></span> <span class='ocrx_word' id='word_1_80' title='bbox 2110 1288 2435 1358; x_wconf 81' lang='grc' dir='ltr'>Βιτυλίου·</span> <span class='ocrx_word' id='word_1_81' title='bbox 2462 1289 2791 1384; x_wconf 80' lang='grc' dir='ltr'>πολύδριον</span> <span class='ocrx_word' id='word_1_82' title='bbox 2814 1291 2878 1358; x_wconf 73' lang='grc' dir='ltr'><strong>δὲ</strong></span> <span class='ocrx_word' id='word_1_83' title='bbox 2904 1294 3081 1360; x_wconf 84' lang='grc' dir='ltr'>τοῦτο</span> 
     </span>
     <span class='ocr_line' id='line_1_15' title="bbox 611 1401 3079 1501; baseline 0.002 -31"><span class='ocrx_word' id='word_1_84' title='bbox 611 1402 1109 1497; x_wconf 70' lang='grc' dir='ltr'>παραθαλάσσιον</span> <span class='ocrx_word' id='word_1_85' title='bbox 1143 1407 1245 1473; x_wconf 82' lang='grc' dir='ltr'><strong>ἐπὶ</strong></span> <span class='ocrx_word' id='word_1_86' title='bbox 1281 1406 1634 1485; x_wconf 72' lang='grc' dir='ltr'>ἐνενήκοντα</span> <span class='ocrx_word' id='word_1_87' title='bbox 1672 1401 1905 1496; x_wconf 85' lang='grc' dir='ltr'>μιλίοις</span> <span class='ocrx_word' id='word_1_88' title='bbox 1931 1403 1970 1441; x_wconf 66' lang='lat'><strong><em>⁴</em></strong></span> <span class='ocrx_word' id='word_1_89' title='bbox 2013 1404 2223 1499; x_wconf 74' lang='grc' dir='ltr'>διέχον</span> <span class='ocrx_word' id='word_1_90' title='bbox 2274 1409 2387 1487; x_wconf 73' lang='grc' dir='ltr'><strong>τῆς</strong></span> <span class='ocrx_word' id='word_1_91' title='bbox 2430 1408 2613 1501; x_wconf 75' lang='grc' dir='ltr'>ἁγίας</span> <span class='ocrx_word' id='word_1_92' title='bbox 2656 1404 2923 1484; x_wconf 84' lang='grc' dir='ltr'>πόλεως.</span> <span class='ocrx_word' id='word_1_93' title='bbox 2956 1408 3079 1474; x_wconf 92' lang='grc' dir='ltr'><strong>Τοῦ</strong></span> 
     </span>
     <span class='ocr_line' id='line_1_16' title="bbox 612 1515 3081 1615; baseline 0.001 -28"><span class='ocrx_word' id='word_1_94' title='bbox 612 1517 676 1587; x_wconf 77' lang='grc' dir='ltr'><strong>δὲ</strong></span> <span class='ocrx_word' id='word_1_95' title='bbox 703 1519 862 1588; x_wconf 75' lang='grc' dir='ltr'>θείου</span> <span class='ocrx_word' id='word_1_96' title='bbox 899 1520 1194 1615; x_wconf 84' lang='grc' dir='ltr'>Θεογνίου</span> <span class='ocrx_word' id='word_1_97' title='bbox 1228 1522 1341 1602; x_wconf 80' lang='grc' dir='ltr'><strong>τὴν</strong></span> <span class='ocrx_word' id='word_1_98' title='bbox 1369 1522 1707 1601; x_wconf 83' lang='grc' dir='ltr'>ἐπισκοπὴν</span> <span class='ocrx_word' id='word_1_99' title='bbox 1736 1522 2040 1597; x_wconf 76' lang='grc' dir='ltr'>ἀκουσίως</span> <span class='ocrx_word' id='word_1_100' title='bbox 2068 1515 2422 1610; x_wconf 74' lang='grc' dir='ltr'>δεξαμένου,</span> <span class='ocrx_word' id='word_1_101' title='bbox 2450 1522 2549 1589; x_wconf 81' lang='grc' dir='ltr'><strong>καὶ</strong></span> <span class='ocrx_word' id='word_1_102' title='bbox 2578 1526 2639 1589; x_wconf 80' lang='grc' dir='ltr'><strong>ἐν</strong></span> <span class='ocrx_word' id='word_1_103' title='bbox 2664 1526 2753 1611; x_wconf 83' lang='grc' dir='ltr'><strong>τῷ</strong></span> <span class='ocrx_word' id='word_1_104' title='bbox 2782 1522 3081 1614; x_wconf 78' lang='grc' dir='ltr'>εἰρημένῳ</span> 
     </span>
     <span class='ocr_line' id='line_1_17' title="bbox 611 1632 3177 1730; baseline 0.001 -29"><span class='ocrx_word' id='word_1_105' title='bbox 611 1632 919 1729; x_wconf 82' lang='grc' dir='ltr'>πολυδρίῳ</span> <span class='ocrx_word' id='word_1_106' title='bbox 955 1637 1178 1730; x_wconf 82' lang='grc' dir='ltr'>χρόνον</span> <span class='ocrx_word' id='word_1_107' title='bbox 1211 1638 1348 1702; x_wconf 80' lang='grc' dir='ltr'>τινὰ</span> <span class='ocrx_word' id='word_1_108' title='bbox 1375 1632 1862 1718; x_wconf 82' lang='grc' dir='ltr'>διατελέσαντος,</span> <span class='ocrx_word' id='word_1_109' title='bbox 1905 1637 1947 1716; x_wconf 75' lang='grc' dir='ltr'><strong>ὴ</strong></span> <span class='ocrx_word' id='word_1_110' title='bbox 1980 1638 2560 1728; x_wconf 71' lang='grc' dir='ltr'>προσ-παρακειμένη</span> <span class='ocrx_word' id='word_1_111' title='bbox 2613 1633 2890 1703; x_wconf 76' lang='grc' dir='ltr'>Θάλασσα</span> <span class='ocrx_word' id='word_1_112' title='bbox 2935 1637 3078 1714; x_wconf 87' lang='grc' dir='ltr'>τοὺς</span> <span class='ocrx_word' id='word_1_113' title='bbox 3121 1655 3177 1703; x_wconf 77' lang='grc' dir='ltr'><strong>ιο</strong></span> 
     </span>
     <span class='ocr_line' id='line_1_18' title="bbox 613 1748 3083 1846; baseline 0.001 -29"><span class='ocrx_word' id='word_1_114' title='bbox 613 1752 868 1826; x_wconf 88' lang='grc' dir='ltr'>οἰκείους</span> <span class='ocrx_word' id='word_1_115' title='bbox 897 1752 1072 1841; x_wconf 78' lang='grc' dir='ltr'>ὅρους</span> <span class='ocrx_word' id='word_1_116' title='bbox 1100 1750 1420 1843; x_wconf 79' lang='grc' dir='ltr'>ὑπερβᾶσα</span> <span class='ocrx_word' id='word_1_117' title='bbox 1456 1752 1863 1845; x_wconf 79' lang='grc' dir='ltr'>ἀγριωτάτοις</span> <span class='ocrx_word' id='word_1_118' title='bbox 1890 1749 2123 1841; x_wconf 85' lang='grc' dir='ltr'>κύμασι</span> <span class='ocrx_word' id='word_1_119' title='bbox 2140 1756 2229 1841; x_wconf 80' lang='grc' dir='ltr'><strong>τῷ</strong></span> <span class='ocrx_word' id='word_1_120' title='bbox 2255 1748 2567 1844; x_wconf 84' lang='grc' dir='ltr'>πολυδρίῳ</span> <span class='ocrx_word' id='word_1_121' title='bbox 2602 1754 3083 1846; x_wconf 73' lang='grc' dir='ltr'>προσέῤῥησσεν,</span> 
     </span>
     <span class='ocr_line' id='line_1_19' title="bbox 614 1862 3088 1958; baseline 0.001 -27"><span class='ocrx_word' id='word_1_122' title='bbox 614 1863 952 1933; x_wconf 76' lang='grc' dir='ltr'>ἀπειλοῦσα</span> <span class='ocrx_word' id='word_1_123' title='bbox 986 1863 1188 1939; x_wconf 65' lang='grc' dir='ltr'>αὐτο·</span> <span class='ocrx_word' id='word_1_124' title='bbox 1215 1865 1540 1958; x_wconf 72' lang='grc' dir='ltr'>ἐκριζῶσαι</span> <span class='ocrx_word' id='word_1_125' title='bbox 1577 1866 1796 1953; x_wconf 86' lang='grc' dir='ltr'>βιαίως</span> <span class='ocrx_word' id='word_1_126' title='bbox 1832 1866 1935 1931; x_wconf 79' lang='grc' dir='ltr'><strong>καὶ</strong></span> <span class='ocrx_word' id='word_1_127' title='bbox 1961 1862 2286 1948; x_wconf 80' lang='grc' dir='ltr'>ἀπολέσαι,</span> <span class='ocrx_word' id='word_1_128' title='bbox 2321 1865 2481 1933; x_wconf 83' lang='grc' dir='ltr'>οὕτω</span> <span class='ocrx_word' id='word_1_129' title='bbox 2518 1863 2759 1956; x_wconf 81' lang='grc' dir='ltr'>μᾶλλον</span> <span class='ocrx_word' id='word_1_130' title='bbox 2786 1870 2893 1934; x_wconf 87' lang='grc' dir='ltr'><strong>τοῦ</strong></span> <span class='ocrx_word' id='word_1_131' title='bbox 2927 1867 3088 1936; x_wconf 83' lang='grc' dir='ltr'>Θεοῦ</span> 
     </span>
     <span class='ocr_line' id='line_1_20' title="bbox 620 1977 3087 2077; baseline 0.001 -30"><span class='ocrx_word' id='word_1_132' title='bbox 620 1977 1131 2073; x_wconf 81' lang='grc' dir='ltr'>οἰκονομτ’,σαντος</span> <span class='ocrx_word' id='word_1_133' title='bbox 1165 1982 1318 2072; x_wconf 87' lang='grc' dir='ltr'>πρός</span> <span class='ocrx_word' id='word_1_134' title='bbox 1344 2006 1410 2048; x_wconf 88' lang='grc' dir='ltr'><strong>τε</strong></span> <span class='ocrx_word' id='word_1_135' title='bbox 1438 1982 1867 2074; x_wconf 65' lang='grc' dir='ltr'>σωφρονισμὸν</span> <span class='ocrx_word' id='word_1_136' title='bbox 1900 1982 2022 2047; x_wconf 85' lang='grc' dir='ltr'><strong>τῶν</strong></span> <span class='ocrx_word' id='word_1_137' title='bbox 2049 1983 2442 2049; x_wconf 81' lang='grc' dir='ltr'>ἐνοικοῦντων</span> <span class='ocrx_word' id='word_1_138' title='bbox 2476 1983 2578 2049; x_wconf 86' lang='grc' dir='ltr'><strong>καὶ</strong></span> <span class='ocrx_word' id='word_1_139' title='bbox 2608 1984 2946 2077; x_wconf 77' lang='grc' dir='ltr'>φανέρωσιν</span> <span class='ocrx_word' id='word_1_140' title='bbox 2972 1984 3087 2063; x_wconf 80' lang='grc' dir='ltr'><strong>τῆς</strong></span> 
     </span>
     <span class='ocr_line' id='line_1_21' title="bbox 618 2095 3084 2191; baseline 0 -27"><span class='ocrx_word' id='word_1_141' title='bbox 618 2097 914 2191; x_wconf 82' lang='grc' dir='ltr'>Θεογνίου</span> <span class='ocrx_word' id='word_1_142' title='bbox 975 2095 1138 2172; x_wconf 77' lang='grc' dir='ltr'>θείας</span> <span class='ocrx_word' id='word_1_143' title='bbox 1195 2098 1476 2191; x_wconf 83' lang='grc' dir='ltr'>χάριτος.</span> <span class='ocrx_word' id='word_1_144' title='bbox 1518 2095 1714 2184; x_wconf 84' lang='grc' dir='ltr'>Φόβῳ</span> <span class='ocrx_word' id='word_1_145' title='bbox 1763 2098 1966 2164; x_wconf 85' lang='grc' dir='ltr'>τοίνυν</span> <span class='ocrx_word' id='word_1_146' title='bbox 2028 2098 2430 2190; x_wconf 66' lang='grc' dir='ltr'>ἐνοχεθέντες</span> <span class='ocrx_word' id='word_1_147' title='bbox 2481 2100 2540 2164; x_wconf 77' lang='grc' dir='ltr'><strong>οἱ</strong></span> <span class='ocrx_word' id='word_1_148' title='bbox 2600 2098 2913 2189; x_wconf 76' lang='grc' dir='ltr'>οἰκήτορες</span> <span class='ocrx_word' id='word_1_149' title='bbox 2970 2099 3084 2177; x_wconf 80' lang='grc' dir='ltr'><strong>τὴν</strong></span> 
     </span>
     <span class='ocr_line' id='line_1_22' title="bbox 613 2207 3183 2305; baseline -0 -27"><span class='ocrx_word' id='word_1_150' title='bbox 613 2207 926 2278; x_wconf 75' lang='grc' dir='ltr'>Θάλασσαν</span> <span class='ocrx_word' id='word_1_151' title='bbox 951 2211 1410 2305; x_wconf 74' lang='grc' dir='ltr'>κορυφουμὲνην</span> <span class='ocrx_word' id='word_1_152' title='bbox 1444 2208 1806 2302; x_wconf 74' lang='grc' dir='ltr'>Θεωροῦντες</span> <span class='ocrx_word' id='word_1_153' title='bbox 1828 2210 2285 2304; x_wconf 73' lang='grc' dir='ltr'>προσφεύγουσι</span> <span class='ocrx_word' id='word_1_154' title='bbox 2320 2216 2409 2301; x_wconf 82' lang='grc' dir='ltr'><strong>τῷ</strong></span> <span class='ocrx_word' id='word_1_155' title='bbox 2437 2210 2676 2301; x_wconf 82' lang='grc' dir='ltr'>δικαίῳ,</span> <span class='ocrx_word' id='word_1_156' title='bbox 2705 2210 2979 2303; x_wconf 83' lang='grc' dir='ltr'>δεόμενοι</span> <span class='ocrx_word' id='word_1_157' title='bbox 3006 2210 3081 2279; x_wconf 80' lang='grc' dir='ltr'><strong>δι’</strong></span> <span class='ocrx_word' id='word_1_158' title='bbox 3120 2228 3183 2277; x_wconf 74' lang='grc' dir='ltr'><strong>η</strong></span> 
     </span>
     <span class='ocr_line' id='line_1_23' title="bbox 613 2320 3083 2421; baseline 0 -28"><span class='ocrx_word' id='word_1_159' title='bbox 613 2329 805 2420; x_wconf 80' lang='grc' dir='ltr'>εὐχῆς</span> <span class='ocrx_word' id='word_1_160' title='bbox 839 2327 954 2405; x_wconf 84' lang='grc' dir='ltr'><strong>τὴν</strong></span> <span class='ocrx_word' id='word_1_161' title='bbox 988 2324 1274 2405; x_wconf 79' lang='grc' dir='ltr'>τοιαύτην</span> <span class='ocrx_word' id='word_1_162' title='bbox 1310 2326 1507 2416; x_wconf 79' lang='grc' dir='ltr'>ὁρμὴν</span> <span class='ocrx_word' id='word_1_163' title='bbox 1541 2320 1919 2419; x_wconf 84' lang='grc' dir='ltr'>χαλινῶσαι.</span> <span class='ocrx_word' id='word_1_164' title='bbox 1960 2323 2028 2391; x_wconf 75' lang='grc' dir='ltr'>Ὀ</span> <span class='ocrx_word' id='word_1_165' title='bbox 2064 2323 2129 2392; x_wconf 77' lang='grc' dir='ltr'><strong>δὲ</strong></span> <span class='ocrx_word' id='word_1_166' title='bbox 2166 2326 2361 2421; x_wconf 79' lang='grc' dir='ltr'>μέγας</span> <span class='ocrx_word' id='word_1_167' title='bbox 2398 2330 2510 2407; x_wconf 82' lang='grc' dir='ltr'><strong>τῆς</strong></span> <span class='ocrx_word' id='word_1_168' title='bbox 2555 2326 2868 2415; x_wconf 78' lang='grc' dir='ltr'>εὐσεβείας</span> <span class='ocrx_word' id='word_1_169' title='bbox 2914 2330 3083 2421; x_wconf 86' lang='grc' dir='ltr'>ἀγω-</span> 
     </span>
    </p>
   </div>
   <div class='ocr_carea' id='block_1_8' title="bbox 607 2680 3087 4245">
    <p class='ocr_par' dir='ltr' id='par_1_8' title="bbox 609 2680 3085 3142">
     <span class='ocr_line' id='line_1_24' title="bbox 612 2680 3083 2764; baseline -0.001 -16"><span class='ocrx_word' id='word_1_170' title='bbox 612 2701 960 2749; x_wconf 83' lang='lat' dir='ltr'><strong>cavernam</strong></span> <span class='ocrx_word' id='word_1_171' title='bbox 1003 2682 1409 2748; x_wconf 75' lang='lat' dir='ltr'><strong>inhabitavit.</strong></span> <span class='ocrx_word' id='word_1_172' title='bbox 1459 2681 1781 2763; x_wconf 90' lang='lat' dir='ltr'><strong>Cumque·</strong></span> <span class='ocrx_word' id='word_1_173' title='bbox 1806 2680 2141 2748; x_wconf 83' lang='lat' dir='ltr'><strong>modicum</strong></span> <span class='ocrx_word' id='word_1_174' title='bbox 2197 2683 2459 2764; x_wconf 85' lang='lat' dir='ltr'><strong>tempus</strong></span> <span class='ocrx_word' id='word_1_175' title='bbox 2485 2682 2689 2745; x_wconf 79' lang='lat' dir='ltr'><strong>vitam</strong></span> <span class='ocrx_word' id='word_1_176' title='bbox 2726 2681 3083 2747; x_wconf 83' lang='lat' dir='ltr'><strong>solitariam</strong></span> 
     </span>
     <span class='ocr_line' id='line_1_25' title="bbox 612 2776 3085 2865; baseline 0 -19"><span class='ocrx_word' id='word_1_177' title='bbox 612 2782 866 2865; x_wconf 79' lang='lat' dir='ltr'><strong>egisset,</strong></span> <span class='ocrx_word' id='word_1_178' title='bbox 889 2781 1209 2865; x_wconf 88' lang='lat' dir='ltr'><strong>templum</strong></span> <span class='ocrx_word' id='word_1_179' title='bbox 1238 2780 1630 2847; x_wconf 85' lang='lat' dir='ltr'><strong>sanctissimi</strong></span> <span class='ocrx_word' id='word_1_180' title='bbox 1657 2779 1940 2862; x_wconf 83' lang='lat' dir='ltr'><strong>Spiritus</strong></span> <span class='ocrx_word' id='word_1_181' title='bbox 1985 2776 2487 2858; x_wconf 51' lang='lat' dir='ltr'><strong>factusg-virtute</strong></span> <span class='ocrx_word' id='word_1_182' title='bbox 2516 2797 2597 2845; x_wconf 85' lang='lat' dir='ltr'><strong>ex</strong></span> <span class='ocrx_word' id='word_1_183' title='bbox 2624 2780 2760 2845; x_wconf 90' lang='lat' dir='ltr'><strong>alto</strong></span> <span class='ocrx_word' id='word_1_184' title='bbox 2796 2780 3085 2859; x_wconf 72' lang='lat' dir='ltr'><strong>indutus,</strong></span> 
     </span>
     <span class='ocr_line' id='line_1_26' title="bbox 612 2877 3084 2962; baseline -0 -16"><span class='ocrx_word' id='word_1_185' title='bbox 612 2880 946 2946; x_wconf 85' lang='lat' dir='ltr'><strong>chronicos</strong></span> <span class='ocrx_word' id='word_1_186' title='bbox 969 2880 1236 2945; x_wconf 88' lang='lat' dir='ltr'><strong>morbos</strong></span> <span class='ocrx_word' id='word_1_187' title='bbox 1259 2882 1520 2962; x_wconf 90' lang='lat' dir='ltr'><strong>praeter</strong></span> <span class='ocrx_word' id='word_1_188' title='bbox 1541 2896 1726 2961; x_wconf 90' lang='lat' dir='ltr'><strong>spem</strong></span> <span class='ocrx_word' id='word_1_189' title='bbox 1752 2878 2013 2943; x_wconf 84' lang='lat' dir='ltr'><strong>sanavit</strong></span> <span class='ocrx_word' id='word_1_190' title='bbox 2034 2880 2101 2944; x_wconf 86' lang='lat' dir='ltr'><strong>et</strong></span> <span class='ocrx_word' id='word_1_191' title='bbox 2128 2877 2446 2943; x_wconf 86' lang='lat' dir='ltr'><strong>miracula</strong></span> <span class='ocrx_word' id='word_1_192' title='bbox 2474 2877 2757 2961; x_wconf 89' lang='lat' dir='ltr'><strong>plurima</strong></span> <span class='ocrx_word' id='word_1_193' title='bbox 2778 2878 3084 2962; x_wconf 84' lang='lat' dir='ltr'><strong>patravit.</strong></span> 
     </span>
     <span class='ocr_line' id='line_1_27' title="bbox 609 2970 3082 3061; baseline 0 -19"><span class='ocrx_word' id='word_1_194' title='bbox 609 2977 798 3042; x_wconf 86' lang='lat' dir='ltr'>Unde</span> <span class='ocrx_word' id='word_1_195' title='bbox 839 2977 1098 3042; x_wconf 89' lang='lat' dir='ltr'><strong>inclitus</strong></span> <span class='ocrx_word' id='word_1_196' title='bbox 1147 2976 1416 3043; x_wconf 87' lang='lat' dir='ltr'><strong>effectus</strong></span> <span class='ocrx_word' id='word_1_197' title='bbox 1466 2970 1688 3043; x_wconf 82' lang='lat' dir='ltr'><strong>condit</strong></span> <span class='ocrx_word' id='word_1_198' title='bbox 1746 2976 1871 3042; x_wconf 86' lang='lat' dir='ltr'><strong>sibi</strong></span> <span class='ocrx_word' id='word_1_199' title='bbox 1909 2977 1981 3041; x_wconf 91' lang='lat' dir='ltr'><strong>in</strong></span> <span class='ocrx_word' id='word_1_200' title='bbox 2022 2976 2322 3060; x_wconf 84' lang='lat' dir='ltr'><strong>proximo</strong></span> <span class='ocrx_word' id='word_1_201' title='bbox 2355 2976 2497 3043; x_wconf 89' lang='lat' dir='ltr'><strong>loco</strong></span> <span class='ocrx_word' id='word_1_202' title='bbox 2550 2978 2645 3061; x_wconf 88' lang='lat'><strong>(1)</strong></span> <span class='ocrx_word' id='word_1_203' title='bbox 2697 2977 3082 3043; x_wconf 87' lang='lat' dir='ltr'><strong>coenobium</strong></span> 
     </span>
     <span class='ocr_line' id='line_1_28' title="bbox 610 3076 1124 3142; baseline -0.002 0"><span class='ocrx_word' id='word_1_204' title='bbox 610 3076 1124 3142; x_wconf 85' lang='lat' dir='ltr'><strong>celeberrimum.</strong></span> 
     </span>
    </p>

    <p class='ocr_par' dir='ltr' id='par_1_9' title="bbox 607 3108 3087 4245">
     <span class='ocr_line' id='line_1_29' title="bbox 694 3108 3083 3257; baseline 0 -18"><span class='ocrx_word' id='word_1_205' title='bbox 694 3180 760 3239; x_wconf 79' lang='lat'><strong>2.</strong></span> <span class='ocrx_word' id='word_1_206' title='bbox 803 3173 961 3238; x_wconf 82' lang='lat' dir='ltr'><strong>Post</strong></span> <span class='ocrx_word' id='word_1_207' title='bbox 1001 3173 1274 3255; x_wconf 81' lang='lat' dir='ltr'><strong>aliqu&#39;us</strong></span> <span class='ocrx_word' id='word_1_208' title='bbox 1315 3174 1630 3257; x_wconf 88' lang='lat' dir='ltr'><strong>temporis</strong></span> <span class='ocrx_word' id='word_1_209' title='bbox 1663 3108 2105 3252; x_wconf 87' lang='lat' dir='ltr'><strong>intervallum,</strong></span> <span class='ocrx_word' id='word_1_210' title='bbox 2134 3174 2409 3240; x_wconf 88' lang='lat' dir='ltr'><strong>audiens</strong></span> <span class='ocrx_word' id='word_1_211' title='bbox 2432 3173 2539 3239; x_wconf 92' lang='lat' dir='ltr'><strong>·de</strong></span> <span class='ocrx_word' id='word_1_212' title='bbox 2581 3174 2691 3239; x_wconf 91' lang='lat' dir='ltr'><strong>illo</strong></span> <span class='ocrx_word' id='word_1_213' title='bbox 2733 3174 3083 3257; x_wconf 87' lang='lat' dir='ltr'><strong>archiepis-</strong></span> 
     </span>
     <span class='ocr_line' id='line_1_30' title="bbox 612 3271 3087 3356; baseline 0 -17"><span class='ocrx_word' id='word_1_214' title='bbox 612 3292 815 3355; x_wconf 81' lang='lat' dir='ltr'><strong>copus</strong></span> <span class='ocrx_word' id='word_1_215' title='bbox 844 3271 1068 3337; x_wconf 89' lang='lat' dir='ltr'><strong>Helias</strong></span> <span class='ocrx_word' id='word_1_216' title='bbox 1096 3273 1182 3356; x_wconf 79' lang='lat'><strong>(2)</strong></span> <span class='ocrx_word' id='word_1_217' title='bbox 1229 3271 1489 3338; x_wconf 84' lang='lat' dir='ltr'><strong>ordinat</strong></span> <span class='ocrx_word' id='word_1_218' title='bbox 1516 3272 1734 3355; x_wconf 90' lang='lat' dir='ltr'><strong>ipsum</strong></span> <span class='ocrx_word' id='word_1_219' title='bbox 1763 3272 2141 3355; x_wconf 90' lang='lat' dir='ltr'><strong>episcopum</strong></span> <span class='ocrx_word' id='word_1_220' title='bbox 2170 3272 2481 3338; x_wconf 90' lang='lat' dir='ltr'><strong>Beteliae.</strong></span> <span class='ocrx_word' id='word_1_221' title='bbox 2510 3272 2626 3338; x_wconf 84' lang='lat' dir='ltr'><strong>Est</strong></span> <span class='ocrx_word' id='word_1_222' title='bbox 2654 3272 2779 3338; x_wconf 87' lang='lat' dir='ltr'><strong>hoc</strong></span> <span class='ocrx_word' id='word_1_223' title='bbox 2805 3273 3087 3356; x_wconf 87' lang='lat' dir='ltr'><strong>oppidu-</strong></span> 
     </span>
     <span class='ocr_line' id='line_1_31' title="bbox 611 3370 3087 3454; baseline 0.001 -18"><span class='ocrx_word' id='word_1_224' title='bbox 611 3371 742 3436; x_wconf 88' lang='lat' dir='ltr'><strong>lum</strong></span> <span class='ocrx_word' id='word_1_225' title='bbox 775 3372 1112 3454; x_wconf 88' lang='lat' dir='ltr'><strong>quoddam</strong></span> <span class='ocrx_word' id='word_1_226' title='bbox 1141 3372 1340 3436; x_wconf 89' lang='lat' dir='ltr'><strong>situm</strong></span> <span class='ocrx_word' id='word_1_227' title='bbox 1369 3372 1456 3437; x_wconf 96' lang='lat' dir='ltr'><strong>ad</strong></span> <span class='ocrx_word' id='word_1_228' title='bbox 1483 3390 1686 3449; x_wconf 84' lang='lat' dir='ltr'><strong>mare,</strong></span> <span class='ocrx_word' id='word_1_229' title='bbox 1715 3371 2078 3454; x_wconf 73' lang='lat' dir='ltr'><strong>nonaginta</strong></span> <span class='ocrx_word' id='word_1_230' title='bbox 2106 3372 2468 3437; x_wconf 87' lang='lat' dir='ltr'><strong>miliaribus</strong></span> <span class='ocrx_word' id='word_1_231' title='bbox 2502 3370 2757 3438; x_wconf 87' lang='lat' dir='ltr'><strong>distans</strong></span> <span class='ocrx_word' id='word_1_232' title='bbox 2786 3391 2826 3437; x_wconf 87' lang='lat' dir='ltr'><strong>a</strong></span> <span class='ocrx_word' id='word_1_233' title='bbox 2856 3378 3087 3439; x_wconf 87' lang='lat' dir='ltr'><strong>sancta</strong></span> 
     </span>
     <span class='ocr_line' id='line_1_32' title="bbox 612 3469 3087 3554; baseline 0 -19"><span class='ocrx_word' id='word_1_234' title='bbox 612 3470 872 3535; x_wconf 83' lang='lat' dir='ltr'><strong>civitate</strong></span> <span class='ocrx_word' id='word_1_235' title='bbox 901 3472 1016 3554; x_wconf 88' lang='grc'><strong>(3).</strong></span> <span class='ocrx_word' id='word_1_236' title='bbox 1046 3470 1212 3536; x_wconf 90' lang='lat' dir='ltr'><strong>Cum</strong></span> <span class='ocrx_word' id='word_1_237' title='bbox 1242 3470 1432 3536; x_wconf 89' lang='lat' dir='ltr'><strong>divus</strong></span> <span class='ocrx_word' id='word_1_238' title='bbox 1459 3470 1835 3553; x_wconf 78' lang='lat' dir='ltr'><strong>Theognius</strong></span> <span class='ocrx_word' id='word_1_239' title='bbox 1875 3470 2326 3553; x_wconf 88' lang='lat' dir='ltr'><strong>episcopatum</strong></span> <span class='ocrx_word' id='word_1_240' title='bbox 2368 3469 2609 3535; x_wconf 78' lang='lat' dir='ltr'><strong>invitus</strong></span> <span class='ocrx_word' id='word_1_241' title='bbox 2636 3471 2991 3553; x_wconf 83' lang='lat' dir='ltr'><strong>accepisset</strong></span> <span class='ocrx_word' id='word_1_242' title='bbox 3020 3477 3087 3537; x_wconf 86' lang='lat' dir='ltr'><strong>et</strong></span> 
     </span>
     <span class='ocr_line' id='line_1_33' title="bbox 608 3567 3085 3652; baseline 0 -19"><span class='ocrx_word' id='word_1_243' title='bbox 608 3569 680 3633; x_wconf 89' lang='lat' dir='ltr'><strong>in</strong></span> <span class='ocrx_word' id='word_1_244' title='bbox 699 3568 873 3633; x_wconf 89' lang='lat' dir='ltr'><strong>dicto</strong></span> <span class='ocrx_word' id='word_1_245' title='bbox 895 3568 1205 3652; x_wconf 87' lang='lat' dir='ltr'><strong>oppidulo</strong></span> <span class='ocrx_word' id='word_1_246' title='bbox 1225 3573 1487 3651; x_wconf 87' lang='lat' dir='ltr'><strong>tempus</strong></span> <span class='ocrx_word' id='word_1_247' title='bbox 1510 3567 1777 3651; x_wconf 77' lang='lat' dir='ltr'><strong>ailquod</strong></span> <span class='ocrx_word' id='word_1_248' title='bbox 1802 3567 2438 3651; x_wconf 57' lang='lat' dir='ltr'><strong>degissehadjacens</strong></span> <span class='ocrx_word' id='word_1_249' title='bbox 2460 3587 2643 3633; x_wconf 89' lang='lat' dir='ltr'><strong>mare</strong></span> <span class='ocrx_word' id='word_1_250' title='bbox 2670 3587 2823 3635; x_wconf 88' lang='lat' dir='ltr'><strong>suos</strong></span> <span class='ocrx_word' id='word_1_251' title='bbox 2846 3570 3085 3634; x_wconf 82' lang='lat' dir='ltr'><strong>limites</strong></span> 
     </span>
     <span class='ocr_line' id='line_1_34' title="bbox 609 3665 3085 3750; baseline 0 -18"><span class='ocrx_word' id='word_1_252' title='bbox 609 3670 1088 3749; x_wconf 80' lang='lat' dir='ltr'><strong>transgressum</strong></span> <span class='ocrx_word' id='word_1_253' title='bbox 1119 3667 1538 3733; x_wconf 82' lang='lat' dir='ltr'><strong>ferocissimis</strong></span> <span class='ocrx_word' id='word_1_254' title='bbox 1579 3666 1885 3733; x_wconf 84' lang='lat' dir='ltr'><strong>fluctibus</strong></span> <span class='ocrx_word' id='word_1_255' title='bbox 1928 3667 1993 3731; x_wconf 94' lang='lat' dir='ltr'><strong>in</strong></span> <span class='ocrx_word' id='word_1_256' title='bbox 2032 3665 2415 3749; x_wconf 87' lang='lat' dir='ltr'><strong>oppidulum</strong></span> <span class='ocrx_word' id='word_1_257' title='bbox 2445 3666 2775 3750; x_wconf 84' lang='lat' dir='ltr'><strong>profluxit,</strong></span> <span class='ocrx_word' id='word_1_258' title='bbox 2826 3669 3085 3733; x_wconf 87' lang='lat' dir='ltr'><strong>minans</strong></span> 
     </span>
     <span class='ocr_line' id='line_1_35' title="bbox 609 3764 3085 3849; baseline 0 -18"><span class='ocrx_word' id='word_1_259' title='bbox 609 3766 824 3849; x_wconf 89' lang='lat' dir='ltr'><strong>ipsum</strong></span> <span class='ocrx_word' id='word_1_260' title='bbox 849 3766 1162 3832; x_wconf 87' lang='lat' dir='ltr'><strong>violenter</strong></span> <span class='ocrx_word' id='word_1_261' title='bbox 1184 3766 1518 3832; x_wconf 83' lang='lat' dir='ltr'><strong>eradicare</strong></span> <span class='ocrx_word' id='word_1_262' title='bbox 1546 3768 1614 3831; x_wconf 86' lang='lat' dir='ltr'><strong>et</strong></span> <span class='ocrx_word' id='word_1_263' title='bbox 1639 3765 2101 3849; x_wconf 85' lang='lat' dir='ltr'><strong>pessumdare;</strong></span> <span class='ocrx_word' id='word_1_264' title='bbox 2130 3766 2223 3830; x_wconf 90' lang='lat' dir='ltr'><strong>ita</strong></span> <span class='ocrx_word' id='word_1_265' title='bbox 2244 3764 2511 3848; x_wconf 88' lang='lat' dir='ltr'><strong>quidem</strong></span> <span class='ocrx_word' id='word_1_266' title='bbox 2536 3765 2673 3831; x_wconf 93' lang='lat' dir='ltr'><strong>Deo</strong></span> <span class='ocrx_word' id='word_1_267' title='bbox 2697 3765 3085 3849; x_wconf 82' lang='lat' dir='ltr'><strong>disponente</strong></span> 
     </span>
     <span class='ocr_line' id='line_1_36' title="bbox 608 3863 3081 3948; baseline -0 -17"><span class='ocrx_word' id='word_1_268' title='bbox 608 3868 684 3931; x_wconf 90' lang='lat' dir='ltr'><strong>ut</strong></span> <span class='ocrx_word' id='word_1_269' title='bbox 728 3866 1184 3948; x_wconf 86' lang='lat' dir='ltr'><strong>resipiscerent</strong></span> <span class='ocrx_word' id='word_1_270' title='bbox 1238 3866 1490 3930; x_wconf 86' lang='lat' dir='ltr'><strong>incolae</strong></span> <span class='ocrx_word' id='word_1_271' title='bbox 1535 3868 1602 3929; x_wconf 91' lang='lat' dir='ltr'><strong>et</strong></span> <span class='ocrx_word' id='word_1_272' title='bbox 1643 3864 2178 3929; x_wconf 84' lang='lat' dir='ltr'><strong>manifestaretur</strong></span> <span class='ocrx_word' id='word_1_273' title='bbox 2219 3863 2535 3946; x_wconf 82' lang='lat' dir='ltr'><strong>Theognii</strong></span> <span class='ocrx_word' id='word_1_274' title='bbox 2583 3864 2806 3930; x_wconf 83' lang='lat' dir='ltr'><strong>divina</strong></span> <span class='ocrx_word' id='word_1_275' title='bbox 2852 3866 3081 3948; x_wconf 85' lang='lat' dir='ltr'><strong>gratia.</strong></span> 
     </span>
     <span class='ocr_line' id='line_1_37' title="bbox 607 3954 3086 4047; baseline 0 -18"><span class='ocrx_word' id='word_1_276' title='bbox 607 3954 872 4029; x_wconf 75' lang='lat' dir='ltr'><strong>Timore</strong></span> <span class='ocrx_word' id='word_1_277' title='bbox 900 3964 1093 4047; x_wconf 81' lang='lat' dir='ltr'><strong>igitur</strong></span> <span class='ocrx_word' id='word_1_278' title='bbox 1119 3964 1402 4046; x_wconf 84' lang='lat' dir='ltr'><strong>perculsi</strong></span> <span class='ocrx_word' id='word_1_279' title='bbox 1431 3963 1839 4028; x_wconf 86' lang='lat' dir='ltr'><strong>habitatores</strong></span> <span class='ocrx_word' id='word_1_280' title='bbox 1873 3981 2059 4027; x_wconf 89' lang='lat' dir='ltr'><strong>mare</strong></span> <span class='ocrx_word' id='word_1_281' title='bbox 2096 3962 2337 4028; x_wconf 84' lang='lat' dir='ltr'><strong>iratum</strong></span> <span class='ocrx_word' id='word_1_282' title='bbox 2364 3961 2661 4029; x_wconf 82' lang='lat' dir='ltr'><strong>videntes</strong></span> <span class='ocrx_word' id='word_1_283' title='bbox 2704 3983 2825 4029; x_wconf 91' lang='lat' dir='ltr'><strong>con</strong></span> <span class='ocrx_word' id='word_1_284' title='bbox 2834 3964 3086 4047; x_wconf 77' lang='lat' dir='ltr'><strong>fugiunt</strong></span> 
     </span>
     <span class='ocr_line' id='line_1_38' title="bbox 609 4061 3084 4147; baseline 0 -18"><span class='ocrx_word' id='word_1_285' title='bbox 609 4064 697 4129; x_wconf 88' lang='lat' dir='ltr'><strong>ad</strong></span> <span class='ocrx_word' id='word_1_286' title='bbox 725 4062 1000 4147; x_wconf 84' lang='lat' dir='ltr'><strong>justum,</strong></span> <span class='ocrx_word' id='word_1_287' title='bbox 1038 4062 1464 4146; x_wconf 85' lang='lat' dir='ltr'><strong>deprecantes</strong></span> <span class='ocrx_word' id='word_1_288' title='bbox 1505 4063 1582 4127; x_wconf 90' lang='lat' dir='ltr'><strong>ut</strong></span> <span class='ocrx_word' id='word_1_289' title='bbox 1616 4080 1737 4144; x_wconf 93' lang='lat' dir='ltr'><strong>per</strong></span> <span class='ocrx_word' id='word_1_290' title='bbox 1764 4061 2129 4127; x_wconf 90' lang='lat' dir='ltr'><strong>orationem</strong></span> <span class='ocrx_word' id='word_1_291' title='bbox 2149 4063 2407 4128; x_wconf 86' lang='lat' dir='ltr'><strong>tantum</strong></span> <span class='ocrx_word' id='word_1_292' title='bbox 2438 4064 2753 4146; x_wconf 86' lang='lat' dir='ltr'><strong>impetum</strong></span> <span class='ocrx_word' id='word_1_293' title='bbox 2776 4063 3084 4130; x_wconf 82' lang='lat' dir='ltr'><strong>refrenet.</strong></span> 
     </span>
     <span class='ocr_line' id='line_1_39' title="bbox 609 4159 3083 4245; baseline -0 -16"><span class='ocrx_word' id='word_1_294' title='bbox 609 4163 882 4245; x_wconf 78' lang='lat' dir='ltr'><strong>Magnus</strong></span> <span class='ocrx_word' id='word_1_295' title='bbox 910 4181 1065 4228; x_wconf 85' lang='lat' dir='ltr'><strong>vero</strong></span> <span class='ocrx_word' id='word_1_296' title='bbox 1093 4162 1355 4245; x_wconf 88' lang='lat' dir='ltr'><strong>pietatis</strong></span> <span class='ocrx_word' id='word_1_297' title='bbox 1376 4159 1624 4227; x_wconf 88' lang='lat' dir='ltr'><strong>athleta</strong></span> <span class='ocrx_word' id='word_1_298' title='bbox 1653 4159 2031 4243; x_wconf 74' lang='lat' dir='ltr'><strong>Theognius</strong></span> <span class='ocrx_word' id='word_1_299' title='bbox 2067 4159 2362 4243; x_wconf 86' lang='lat' dir='ltr'><strong>plurimis</strong></span> <span class='ocrx_word' id='word_1_300' title='bbox 2387 4162 2625 4227; x_wconf 86' lang='lat' dir='ltr'><strong>cedens</strong></span> <span class='ocrx_word' id='word_1_301' title='bbox 2656 4162 3083 4244; x_wconf 85' lang='lat' dir='ltr'><strong>petitionibus</strong></span> 
     </span>
    </p>
   </div>
   <div class='ocr_carea' id='block_1_9' title="bbox 605 4422 3085 4831">
    <p class='ocr_par' dir='ltr' id='par_1_10' title="bbox 605 4422 3085 4831">
     <span class='ocr_line' id='line_1_40' title="bbox 672 4422 3085 4495; baseline 0 -15"><span class='ocrx_word' id='word_1_302' title='bbox 672 4427 746 4494; x_wconf 85' lang='lat' dir='ltr'><strong>(l)</strong></span> <span class='ocrx_word' id='word_1_303' title='bbox 779 4425 988 4481; x_wconf 82' lang='lat' dir='ltr'><strong>Exinde</strong></span> <span class='ocrx_word' id='word_1_304' title='bbox 1029 4430 1258 4495; x_wconf 86' lang='lat' dir='ltr'><strong>apparet</strong></span> <span class='ocrx_word' id='word_1_305' title='bbox 1297 4423 1629 4479; x_wconf 85' lang='lat' dir='ltr'><strong>coenobium</strong></span> <span class='ocrx_word' id='word_1_306' title='bbox 1669 4422 1846 4479; x_wconf 80' lang='lat' dir='ltr'><strong>sancti</strong></span> <span class='ocrx_word' id='word_1_307' title='bbox 1887 4422 2159 4492; x_wconf 66' lang='lat' dir='ltr'><strong>‘theognii</strong></span> <span class='ocrx_word' id='word_1_308' title='bbox 2210 4422 2361 4479; x_wconf 87' lang='lat' dir='ltr'><strong>haud</strong></span> <span class='ocrx_word' id='word_1_309' title='bbox 2392 4422 2584 4493; x_wconf 88' lang='lat' dir='ltr'><strong>procul</strong></span> <span class='ocrx_word' id='word_1_310' title='bbox 2619 4424 2822 4479; x_wconf 86' lang='lat' dir='ltr'><strong>distare</strong></span> <span class='ocrx_word' id='word_1_311' title='bbox 2856 4440 2891 4479; x_wconf 84' lang='lat' dir='ltr'><strong>a</strong></span> <span class='ocrx_word' id='word_1_312' title='bbox 2928 4424 3085 4481; x_wconf 75' lang='lat' dir='ltr'><strong>laura</strong></span> 
     </span>
     <span class='ocr_line' id='line_1_41' title="bbox 608 4504 3085 4576; baseline -0.001 -11"><span class='ocrx_word' id='word_1_313' title='bbox 608 4508 783 4565; x_wconf 73' lang='lat' dir='ltr'><strong>sancti</strong></span> <span class='ocrx_word' id='word_1_314' title='bbox 809 4508 1124 4575; x_wconf 85' lang='lat' dir='ltr'><strong>Theodosii,</strong></span> <span class='ocrx_word' id='word_1_315' title='bbox 1148 4510 1205 4562; x_wconf 85' lang='lat' dir='ltr'><strong>et</strong></span> <span class='ocrx_word' id='word_1_316' title='bbox 1235 4506 1383 4562; x_wconf 75' lang='lat' dir='ltr'><strong>infra</strong></span> <span class='ocrx_word' id='word_1_317' title='bbox 1414 4506 1628 4561; x_wconf 85' lang='lat' dir='ltr'><strong>dicetur</strong></span> <span class='ocrx_word' id='word_1_318' title='bbox 1665 4504 1801 4561; x_wconf 87' lang='lat' dir='ltr'><strong>illud</strong></span> <span class='ocrx_word' id='word_1_319' title='bbox 1823 4506 1994 4561; x_wconf 85' lang='lat' dir='ltr'><strong>situm</strong></span> <span class='ocrx_word' id='word_1_320' title='bbox 2018 4505 2187 4560; x_wconf 76' lang='lat' dir='ltr'><strong>fuisse</strong></span> <span class='ocrx_word' id='word_1_321' title='bbox 2220 4504 2278 4561; x_wconf 88' lang='lat' dir='ltr'><strong>in</strong></span> <span class='ocrx_word' id='word_1_322' title='bbox 2312 4506 2547 4572; x_wconf 74' lang='lat' dir='ltr'><strong>deserto,</strong></span> <span class='ocrx_word' id='word_1_323' title='bbox 2590 4522 2791 4576; x_wconf 87' lang='lat' dir='ltr'><strong>nempe</strong></span> <span class='ocrx_word' id='word_1_324' title='bbox 2824 4506 3085 4563; x_wconf 84' lang='lat' dir='ltr'><strong>Hieroso·</strong></span> 
     </span>
     <span class='ocr_line' id='line_1_42' title="bbox 605 4582 3082 4664; baseline -0.001 -14"><span class='ocrx_word' id='word_1_325' title='bbox 605 4593 891 4664; x_wconf 72' lang='lat' dir='ltr'><strong>lymitano.</strong></span> <span class='ocrx_word' id='word_1_326' title='bbox 915 4620 979 4633; x_wconf 95' lang='lat'>—</span> <span class='ocrx_word' id='word_1_327' title='bbox 1011 4591 1088 4660; x_wconf 75' lang='lat'><strong>(2)</strong></span> <span class='ocrx_word' id='word_1_328' title='bbox 1122 4591 1210 4647; x_wconf 84' lang='lat' dir='ltr'><strong>Gr.</strong></span> <span class='ocrx_word' id='word_1_329' title='bbox 1243 4582 1474 4646; x_wconf 81' lang='grc' dir='ltr'>Ἥλίασι.</span> <span class='ocrx_word' id='word_1_330' title='bbox 1509 4590 1741 4659; x_wconf 82' lang='lat' dir='ltr'><strong>Saepius</strong></span> <span class='ocrx_word' id='word_1_331' title='bbox 1763 4589 2072 4659; x_wconf 89' lang='lat' dir='ltr'><strong>appellatur</strong></span> <span class='ocrx_word' id='word_1_332' title='bbox 2112 4590 2323 4647; x_wconf 74' lang='lat' dir='ltr'><strong>Heliae.</strong></span> <span class='ocrx_word' id='word_1_333' title='bbox 2360 4620 2421 4633; x_wconf 89' lang='lat'>—</span> <span class='ocrx_word' id='word_1_334' title='bbox 2460 4591 2532 4655; x_wconf 74' lang='grc'><strong>(3)</strong></span> <span class='ocrx_word' id='word_1_335' title='bbox 2566 4588 2782 4648; x_wconf 78' lang='lat' dir='ltr'><strong>videsis</strong></span> <span class='ocrx_word' id='word_1_336' title='bbox 2825 4606 2969 4660; x_wconf 88' lang='lat' dir='ltr'><strong>quae</strong></span> <span class='ocrx_word' id='word_1_337' title='bbox 3012 4592 3082 4647; x_wconf 87' lang='lat' dir='ltr'><strong>de</strong></span> 
     </span>
     <span class='ocr_line' id='line_1_43' title="bbox 605 4672 3081 4744; baseline -0.002 -11"><span class='ocrx_word' id='word_1_338' title='bbox 605 4676 818 4733; x_wconf 78' lang='lat' dir='ltr'><strong>Betelia</strong></span> <span class='ocrx_word' id='word_1_339' title='bbox 853 4675 1094 4730; x_wconf 85' lang='lat' dir='ltr'><strong>diximus</strong></span> <span class='ocrx_word' id='word_1_340' title='bbox 1126 4690 1291 4744; x_wconf 85' lang='lat' dir='ltr'><strong>supra</strong></span> <span class='ocrx_word' id='word_1_341' title='bbox 1323 4676 1382 4731; x_wconf 91' lang='lat' dir='ltr'><strong>in</strong></span> <span class='ocrx_word' id='word_1_342' title='bbox 1421 4672 1825 4744; x_wconf 71' lang='lat' dir='ltr'><strong>prolegomenis</strong></span> <span class='ocrx_word' id='word_1_343' title='bbox 1858 4688 2012 4727; x_wconf 81' lang='lat' dir='ltr'><strong>num.</strong></span> <span class='ocrx_word' id='word_1_344' title='bbox 2033 4672 2082 4739; x_wconf 83' lang='lat'><strong>3,</strong></span> <span class='ocrx_word' id='word_1_345' title='bbox 2103 4672 2153 4737; x_wconf 73' lang='lat'><strong>4,</strong></span> <span class='ocrx_word' id='word_1_346' title='bbox 2178 4688 2320 4743; x_wconf 84' lang='lat' dir='ltr'><strong>quae</strong></span> <span class='ocrx_word' id='word_1_347' title='bbox 2342 4678 2573 4744; x_wconf 85' lang='lat' dir='ltr'><strong>possunt</strong></span> <span class='ocrx_word' id='word_1_348' title='bbox 2598 4675 2830 4729; x_wconf 84' lang='lat' dir='ltr'><strong>conferri</strong></span> <span class='ocrx_word' id='word_1_349' title='bbox 2854 4692 2980 4729; x_wconf 88' lang='lat' dir='ltr'><strong>cum</strong></span> <span class='ocrx_word' id='word_1_350' title='bbox 3012 4674 3081 4729; x_wconf 85' lang='lat' dir='ltr'><strong>iis</strong></span> 
     </span>
     <span class='ocr_line' id='line_1_44' title="bbox 607 4756 2978 4831; baseline -0.002 -16"><span class='ocrx_word' id='word_1_351' title='bbox 607 4774 752 4831; x_wconf 82' lang='lat' dir='ltr'><strong>quae</strong></span> <span class='ocrx_word' id='word_1_352' title='bbox 768 4772 944 4829; x_wconf 86' lang='lat' dir='ltr'><strong>nuper</strong></span> <span class='ocrx_word' id='word_1_353' title='bbox 965 4758 1221 4814; x_wconf 86' lang='lat' dir='ltr'><strong>disseruit</strong></span> <span class='ocrx_word' id='word_1_354' title='bbox 1242 4757 1429 4813; x_wconf 84' lang='lat' dir='ltr'><strong>Gelzer</strong></span> <span class='ocrx_word' id='word_1_355' title='bbox 1453 4756 1510 4811; x_wconf 87' lang='lat' dir='ltr'><strong>in</strong></span> <span class='ocrx_word' id='word_1_356' title='bbox 1532 4758 1763 4824; x_wconf 56' lang='lat' dir='ltr'><strong>omnic.</strong></span> <span class='ocrx_word' id='word_1_357' title='bbox 1785 4758 1957 4825; x_wconf 73' lang='lat' dir='ltr'><strong>Cypri</strong></span> <span class='ocrx_word' id='word_1_358' title='bbox 1980 4757 2337 4826; x_wconf 51' lang='lat' dir='ltr'><strong>descriptione</strong></span> <span class='ocrx_word' id='word_1_359' title='bbox 2360 4756 2509 4812; x_wconf 71' lang='lat' dir='ltr'><strong>orbis</strong></span> <span class='ocrx_word' id='word_1_360' title='bbox 2529 4772 2721 4812; x_wconf 82' lang='lat' dir='ltr'><strong>roman</strong></span> <span class='ocrx_word' id='word_1_361' title='bbox 2730 4760 2763 4823; x_wconf 77' lang='grc' dir='ltr'><strong>ἰ,</strong></span> <span class='ocrx_word' id='word_1_362' title='bbox 2786 4773 2838 4827; x_wconf 89' lang='lat' dir='ltr'><strong>p.</strong></span> <span class='ocrx_word' id='word_1_363' title='bbox 2866 4760 2978 4813; x_wconf 83' lang='lat'><strong>191.</strong></span> 
     </span>
    </p>
   </div>
  </div>
 </body>
</html>
