3425 5584
590 442 730 520 112
1485 455 1672 511 scu
1722 456 1785 508 s,
1836 450 2175 507 mrosun

582 660 899 752 μετάνοια,
963 657 1076 737 τῆς
1111 657 1232 749 γὰρ
1284 649 1743 749 φιλανθρωπίας
1791 651 1836 731 ἢ
1882 646 2033 741 θύρα
2084 648 2214 725 τοῖς
2262 643 2768 738 μεταμεληθῆναι
2814 642 2934 712 ὧδε
2968 647 3059 736 μὴ

583 770 974 865 βουληθεῖσιν
1041 765 1260 849 εὐθέως
1318 763 1736 835 ἀποκλείεται.
1802 763 1972 858 Ἐγὼ
2050 763 2204 841 τέως
2262 763 2333 830 τὸ
2392 762 2501 830 τοῦ
2560 758 2906 853 πνεύματος
2968 761 3059 851 μὴ

580 885 938 967 άπαιτηθεὶς
973 869 1184 980 χρίος,
1217 878 1363 949 ἀλλ’
1396 880 1489 950 ἔτι
1513 884 1630 963 τῆς
1659 880 1873 975 ψυχῆς
1909 881 2119 985 μουςὶν
2144 877 2342 966 τούτῳ
2368 881 2456 967 τῷ
2484 875 2727 971 φθαρτῷ
2753 901 3063 955 κατασκη-

578 1002 803 1083 νούσης
871 1001 1106 1081 σκήνει,
1145 996 1219 1067 ἂν
1287 993 1452 1092 ῥήξω
1511 996 1721 1093 φωνὴν
1781 993 2076 1089 ὀδυρμοῦ,
2139 990 2464 1075 ἐλεηθῆναι
2521 991 2781 1084 νομίζω.
2850 992 3048 1084 Πάτερ

578 1117 860 1212 Θεόγνιε,
901 1113 1154 1197 ἐλέησόν
1190 1140 1269 1207 με
1301 1115 1408 1182 τὸν
1441 1114 1560 1205 πρὸ
1594 1114 1708 1194 τῆς
1747 1110 2090 1209 ἐρχομίνης
2136 1112 2328 1203 ὀργῆς
2363 1114 2443 1207 τῇ
2484 1109 2609 1177 τῶν
2648 1108 3057 1199 πταισμάτων
3097 1126 3129 1174 5

580 1230 766 1329 φλογὶ
818 1233 1037 1309 ἱκανῶς
1087 1228 1519 1326 φλογισθέντα,
1561 1224 1818 1309 ἐλέησόν
1871 1251 1951 1319 με
2000 1226 2105 1293 καὶ
2155 1223 2522 1305 δυσώπησον
2582 1224 2733 1316 ὑπὲρ
2769 1225 2921 1314 ἐμοῦ
2952 1224 3058 1291 τὸν

580 1348 802 1442 Κύριον
835 1372 850 1387 ·
885 1345 1154 1414 πιστεύω
1187 1348 1308 1441 γὰρ
1359 1345 1455 1413 ότι
1487 1341 1665 1441 λήψῃ
1711 1343 1786 1411 τὸ
1834 1340 2074 1433 αἴτημα
2105 1343 2272 1435 παρὰ
2320 1342 2431 1407 τοῦ
2467 1340 2563 1407 ἀεὶ
2598 1330 2923 1432 κράζοντος
2955 1338 3058 1405 καὶ

577 1459 898 1558 λέγοντος·
934 1464 1159 1530 αἰτεῖτε
1204 1461 1308 1528 καὶ
1357 1457 1681 1540 δοθήσεται
1732 1458 1907 1550 ὑμῖν,
1973 1456 2219 1550 κρούετε
2280 1456 2385 1523 καὶ
2432 1454 2831 1550 ἀνοιγήσεται
2882 1455 3053 1545 ὑμῖν.

579 1578 724 1647 Ἐὰν
751 1577 817 1645 δὲ
845 1580 934 1667 μὴ
959 1573 1198 1669 τολμᾷς
1225 1577 1412 1668 μόνος
1455 1570 1813 1670 προσελθεῖν
1854 1578 1943 1663 τῷ
1994 1571 2288 1667 δεσπότῃ,
2335 1568 2661 1663 παράλαβε
2709 1572 2867 1662 μετὰ
2924 1572 3057 1660 σοῦ,

579 1696 798 1787 πάτερ,
881 1692 1024 1771 τοὺς
1075 1693 1290 1787 ἁγίους
1333 1693 1608 1768 ἅπαντας
1652 1689 1798 1767 τοὺς
1849 1685 2179 1785 φιλοῦντάς
2230 1713 2303 1755 σε
2350 1688 2455 1755 καὶ
2506 1688 2639 1778 ἅμα
2685 1687 2893 1763 αὐτοῖς
2942 1687 3057 1766 τὴν
3093 1701 3156 1751 ⁴⁰

579 1809 732 1903 ὑπὲρ
778 1811 958 1900 ὴμῶν
989 1812 1078 1897 τῷ
1128 1803 1545 1902 εὐσπλάγχνῳ
1587 1802 1847 1896 βασιλεῖ
1872 1804 2201 1898 πρεσβείαν
2234 1804 2595 1897 προσάγαγε
2620 1824 2633 1837 ·
2670 1799 3059 1895 συμπαθοῦσι

578 1927 697 2019 γὰρ
732 1927 792 1991 οἱ
829 1923 1052 1992 δίκαιοι
1084 1923 1189 1990 καὶ
1219 1924 1379 1990 πάνυ
1417 1920 1809 2017 συμπαθοῦσι
1841 1922 1973 1998 τοῖς
2000 1920 2195 2012 σάρκα
2220 1916 2803 2012 περιβεβλημόνοις,
2844 1917 2932 1995 ὡς
2955 1916 3059 1984 καὶ

583 2038 760 2106 αὐτοὶ
808 2037 1046 2132 πρώην-
1067 2042 1130 2107 ἐν
1181 2038 1362 2131 σαρκὶ
1407 2038 1751 2133 γεγονότες.
1810 2034 1993 2129 Ὁρᾷς
2051 2036 2221 2127 ἡμᾶς
2276 2032 2377 2101 διὰ
2444 2034 2695 2124 παντός,
2748 2028 2799 2099 ὦ
2864 2034 3057 2125 πάτερ

585 2153 867 2249 Θεόγνιε,
921 2152 1256 2248 φροντίζεις
1293 2154 1476 2245 ὴμῶν
1519 2154 1642 2231 ἀεί,
1693 2153 1918 2247 κοῦφος
1971 2153 2079 2219 νῦν
2127 2150 2459 2245 τυγχάνεις
2508 2150 2615 2217 τὸν
2662 2151 2777 2229 τῆς
2837 2149 3057 2242 σαρκὸς

583 2267 953 2360 ἀποθέμενος
995 2270 1222 2364 γνόφον
1247 2269 1348 2335 καὶ
1382 2269 1608 2364 γόμον,
1655 2266 1959 2360 ὑπέρβηθι
2005 2267 2075 2334 τὸ
2110 2260 2337 2358 μεταξὺ
2372 2266 2497 2333 τῶν
2522 2264 2771 2346 ζώντων
2804 2264 2908 2331 καὶ
2930 2264 3055 2331 τῶν
3090 2280 3155 2330 η

582 2386 810 2477 νεαρῶν
848 2385 1285 2479 ἐστηριγμένον
1318 2385 1504 2479 χάος.
1561 2380 1741 2453 Ἑλθὶ
1770 2383 1921 2476 πρὸς
1958 2386 2126 2475 ἡμᾶς
2163 2383 2493 2474 ἰπτάμενος
2524 2382 2662 2458 ταῖς
2693 2383 2809 2463 τῆς
2834 2382 3055 2473 ἀρετῆς

521 2487 530 2497 ’
578 2502 658 2581 ἧς
685 2496 881 2568 πάλαι
906 2499 1310 2594 κατώρθωσας
1344 2493 1618 2593 πτέρυξι,
1671 2497 1945 2592 κομίζων
1979 2497 2133 2589 ἡμῖν
2164 2500 2244 2565 τὰ
2278 2495 2407 2566 θεῖα
2432 2495 2793 2590 δωρήματα,
2806 2495 3055 2593 γύμνω-

592 2596 701 2683 σον
751 2618 921 2709 ἡμᾶς
969 2618 1079 2683 τοῦ
1127 2612 1395 2683 πλούτου
1445 2618 1558 2695 τῆς
1605 2615 1846 2698 κακίας,
1905 2610 2153 2681 ἔνδυσον
2183 2628 2189 2634 ’
2217 2614 2386 2705 ἡμᾶς
2448 2615 2605 2680 κατὰ
2669 2614 2742 2680 τὸ
2799 2612 3058 2705 ἀόρατον

577 2970 884 3039 inefficax
905 2974 1007 3038 est
1055 2970 1492 3055 paenitentia;
1538 2968 2029 3038 misericordiae
2050 2969 2259 3053 janua
2298 2969 2401 3036 his
2430 2970 2543 3055 qui
2584 2969 3057 3054 paenitentiam

575 3069 724 3137 heic
743 3089 939 3153 agere
959 3070 1310 3151 noluerunt
1337 3068 1484 3135 ilico
1506 3068 1849 3135 clauditur.
1893 3068 2214 3153 Equidem
2239 3089 2281 3135 a
2309 3088 2442 3152 quo
2470 3069 2765 3135 nondum
2785 3068 3052 3153 spiritus

576 3169 966 3254 requisitum
997 3172 1099 3234 est
1124 3168 1442 3249 debitum,
1463 3168 1582 3234 sed
1611 3168 1797 3252 quus
1839 3167 2056 3234 adhuc
2102 3168 2360 3234 habitat
2401 3169 2623 3233 anima
2656 3168 3053 3253 inpereunti

574 3266 1022 3347 tabernaculo,
1080 3286 1230 3333 cum
1273 3269 1644 3349 gementem
1693 3286 1925 3333 vocem
1975 3266 2220 3346 attollo,
2272 3266 2789 3334 misericordiam
2834 3288 3049 3353 spero.

575 3364 774 3431 Pater
827 3365 1141 3451 Theogni,
1189 3364 1499 3431 miserere
1547 3364 1698 3443 mei,
1750 3364 1865 3449 qui
1905 3369 2059 3431 ante
2098 3370 2448 3432 venturam
2496 3367 2663 3433 iram
2703 3366 3045 3451 culparum

574 3464 845 3530 flamma
872 3465 1031 3530 satis
1072 3482 1247 3544 uror,
1290 3464 1600 3530 miserere
1655 3463 1786 3530 mei
1843 3467 1911 3530 et
1959 3463 2315 3547 deprecare
2365 3485 2487 3548 pro
2529 3484 2637 3531 me
2680 3465 3053 3533 Dominum.

573 3562 846 3629 Confido
895 3563 1069 3629 enim
1118 3567 1184 3630 te
1248 3564 1673 3630 obtenturum
1732 3563 1912 3646 quod
1969 3564 2141 3647 petis
2198 3564 2283 3629 ab
2332 3564 2443 3630 illo
2494 3565 2605 3648 qui
2642 3564 3052 3632 incessanter

571 3662 814 3728 clamat
841 3665 908 3727 et
936 3661 1087 3728 dicit
1119 3684 1134 3727 ε
1178 3661 1376 3727 Petito
1415 3664 1471 3727 et
1509 3661 1773 3727 dabitur
1798 3661 1985 3745 vobis,
2004 3662 2260 3746 pulsate
2302 3670 2359 3727 et
2392 3663 2714 3748 aperietur
2738 3663 2909 3729 vobis
2936 3665 3051 3750 (1).

567 3759 638 3827 Si
657 3780 814 3827 vero
841 3780 978 3827 non
1006 3761 1210 3826 audes
1233 3761 1410 3827 solus
1434 3762 1747 3828 accedere
1776 3761 1864 3827 ad
1888 3761 2263 3840 Dominum,
2280 3752 2542 3829 assume
2564 3768 2805 3844 tecum,
2830 3764 3049 3845 Pater,

567 3864 830 3926 sanctos
858 3878 1090 3925 omnes
1133 3858 1246 3943 qui
1277 3865 1341 3927 te
1385 3864 1633 3941 amant,
1677 3864 1744 3925 et
1770 3878 1923 3926 cum
1950 3859 2075 3926 illis
2119 3860 2651 3929 intercessionem
2693 3882 2815 3947 pro
2856 3864 3048 3930 nobis

567 3955 972 4044 misericordi
1015 3956 1150 4039 regi
1177 3956 1360 4023 offer.
1391 3956 1895 4041 Compatiuntur
1922 3958 2097 4024 enim
2120 3958 2302 4042 justi,
2332 3979 2599 4043 prorsus
2629 3960 3040 4045 compatiun-

565 4057 676 4121 tur
700 4054 826 4120 illis
852 4055 969 4140 qui
995 4074 1196 4122 carne
1224 4054 1441 4123 adhuc
1468 4056 1909 4135 involvuntur,
1937 4056 2250 4140 quoniam
2278 4062 2345 4124 et
2374 4058 2497 4141 ipsi
2540 4059 2698 4125 olim
2738 4060 2807 4127 in
2848 4078 3048 4127 carne

565 4152 850 4219 fuerunt.
876 4152 1174 4241 Respicis
1221 4173 1343 4221 nos
1373 4174 1570 4239 super
1611 4155 1852 4234 omnia,
1890 4174 1931 4221 o
1972 4154 2177 4222 Pater.
2210 4156 2524 4240 Theogni,
2572 4178 2799 4226 curam
2840 4159 3049 4227 habes

565 4252 774 4318 nostri
805 4272 1085 4336 semper,
1115 4252 1432 4319 allevatus
1480 4272 1659 4321 nunc
1701 4272 1773 4319 es
1816 4254 1934 4338 qui
1961 4254 2175 4321 carnis
2217 4255 2579 4339 deposuisti
2628 4259 2934 4325 tenebras
2980 4262 3047 4324 et

569 4368 756 4430 onus,
798 4352 1259 4435 transgredere
1306 4350 1486 4418 illam
1529 4371 1702 4437 quae
1744 4352 1917 4418 inter
1942 4352 2126 4420 vivos
2178 4358 2245 4421 et
2288 4358 2579 4422 mortuos
2624 4360 2897 4443 extensa
2944 4362 3049 4424 est
3117 4368 3123 4373 '

569 4447 1037 4533 abyssus.Veni
1057 4450 1144 4515 ad
1165 4468 1286 4517 nos
1311 4448 1625 4516 advolans
1646 4450 1769 4516 alis
1788 4450 2047 4516 virtutis
2064 4470 2267 4534 quam
2287 4451 2444 4517 olim
2466 4454 2864 4536 praestitisti,
2878 4452 3043 4520 affer

564 4546 760 4613 nobis
790 4546 1012 4615 divina
1032 4547 1229 4629 dona,
1257 4548 1554 4634 despolia
1579 4568 1702 4616 nos
1724 4548 1915 4633 copia
1935 4548 2241 4631 malitiae,
2270 4548 2469 4618 indue
2496 4570 2617 4619 nos
2638 4548 3044 4640 invisibiliter

633 4812 708 4880 (¹)
729 4812 939 4878 ΠΜ..
963 4810 1076 4879 vn.
1098 4813 1151 4870 7.
