3425 5584
1563 876 2113 946 ACTA.

713 1087 1333 1246 SANCTI
1482 1088 1934 1245 JULII
2087 1079 2974 1240 VETERANI

1607 1369 2080 1434 MARTYRlS

673 1832 752 1885 De
787 1835 978 1885 sancto
1023 1830 1168 1886 Julio
1209 1835 1450 1900 martyre
1492 1831 1773 1886 Dorostori
1820 1831 1879 1886 in
1920 1829 2126 1885 Moesia
2160 1845 2475 1886 sermonem
2516 1827 2807 1884 ediderunt
2841 1828 3081 1897 majores

605 1929 780 1984 nostri
820 1931 890 1984 ad
921 1930 1065 1984 diem
1097 1931 1162 1984 27
1197 1929 1340 1996 Maii,
1373 1933 1508 1984 tom.
1533 1929 1622 1997 Vl,
1646 1947 1696 2000 p.
1724 1931 1837 1996 660,
1874 1930 2031 2000 cujus
2056 1929 2307 2000 scriptori
2342 1928 2635 1984 manifeste
2656 1943 2789 1998 prae
2824 1926 3081 1982 manibus

607 2031 760 2086 fuero
775 2033 911 2086 Acta
930 2031 1171 2102 antiqua,
1182 2046 1324 2101 quae
1343 2031 1612 2100 hactenus
1635 2031 1928 2086 latuerant.
1944 2031 2183 2101 Contigit
2204 2031 2366 2086 nobis
2389 2032 2529 2086 haec
2550 2031 2790 2100 reperire
2812 2029 2869 2084 in
2892 2028 3082 2084 codice

606 2130 738 2184 olim
764 2130 1018 2185 coenobii
1042 2129 1217 2184 sancti
1241 2129 1388 2184 Petri
1412 2129 1481 2184 de
1505 2130 1731 2185 Cultura
1755 2129 1904 2198 apud
1929 2128 2333 2197 Cenomannos,
2348 2145 2495 2184 nunc
2519 2129 2886 2184 bibliothecae
2910 2127 3082 2200 publi·

605 2243 702 2282 cae
744 2227 1231 2296 CenomannensiS,
1271 2229 1365 2284 ubi
1405 2230 1652 2300 signatus
1675 2234 1762 2285 est
1783 2245 2015 2284 numero
2050 2230 2163 2284 217.
2189 2229 2343 2298 Quae
2378 2229 2607 2299 quidem
2630 2246 2698 2284 eo
2721 2245 2919 2299 genere
2952 2228 3079 2283 scri·

603 2327 770 2381 bendi
793 2333 1056 2398 concepta
1079 2333 1208 2384 sunt
1220 2333 1276 2383 et
1293 2330 1370 2384 ita
1388 2330 1460 2384 ab
1476 2331 1629 2385 omni
1650 2345 1831 2384 naevo
1856 2329 1951 2400 qui
1966 2329 2333 2385 recentiorem
2351 2333 2587 2392 aetatem
2615 2329 2793 2400 sapiat
2810 2328 3081 2384 immunia

603 2429 668 2478 ut
686 2425 807 2492 jnre
830 2427 1029 2482 merito
1067 2428 1211 2482 inter
1247 2427 1388 2482 Acta
1425 2429 1642 2483 sincera
1665 2429 2134 2492 connumeranda,
2158 2428 2290 2499 quin
2313 2433 2369 2483 et
2392 2428 2557 2499 paulo
2580 2433 2724 2499 post
2752 2427 3081 2498 persecutio-

605 2540 739 2579 num
780 2527 1046 2580 adversus
1085 2526 1413 2582 christianos
1451 2531 1704 2598 tempora
1742 2543 1810 2582 ex
1830 2527 1983 2582 Actis
2008 2527 2229 2597 publica
2252 2527 2548 2583 autoritate
2573 2527 2856 2597 descriptis
2880 2527 3081 2596 maiori

605 2638 673 2678 ex
709 2629 864 2694 parte
888 2629 1145 2696 excerpta
1170 2625 1342 2680 videri
1368 2625 1592 2694 possint.
1617 2627 1695 2681 Ea
1720 2627 1906 2696 itaque
1928 2626 2292 2683 libentissime
2312 2628 2427 2695 jam
2454 2627 2759 2696 vulgamus.

1251 2921 1509 2984 Passto
1553 2923 1789 2984 sancti
1829 2923 2013 2984 Juffl
2056 2921 2433 2996 martyris.

711 3131 772 3187 1.
829 3117 1194 3213 Tempore
1271 3118 1828 3212 persecutionis,
1898 3119 2202 3212 quando
2277 3117 2601 3211 gloriosa
2672 3117 3081 3192 certamina

606 3231 947 3308 fidelibus
994 3235 1247 3308 oblata
1301 3240 1657 3328 perpetua
1717 3234 2089 3326 promissa
2144 3233 2671 3328 exspectabant
2733 3234 3076 3328 accipere,

607 3353 788 3422 tunc
814 3350 1398 3444 comprehensus
1425 3350 1666 3424 Julius
1693 3351 1791 3423 ab
1820 3349 2598 3442 officialibUS,oblatus
2622 3355 2735 3424 est
2754 3349 3079 3424 Maximo

609 3463 951 3557 praesidi.
999 3465 1372 3540 Maximus
1429 3487 1729 3560 praeses
1789 3465 1972 3540 dixit
2010 3489 2025 3540 :
2078 3464 2255 3557 Quis
2303 3473 2401 3539 est
2450 3465 2567 3538 hic
2601 3467 2643 3537 ,9
2680 3465 2791 3539 Ex
2833 3465 3079 3541 officio
3114 3503 3148 3553 5

603 3579 882 3654 dictum
910 3587 1024 3656 est
1061 3605 1077 3656 z
1117 3581 1261 3655 Hic
1287 3581 1723 3656 christianus
1758 3591 1875 3677 est,
1916 3592 1975 3657 et
2002 3607 2138 3656 non
2172 3583 2316 3656 vult
2351 3581 2663 3656 oboedire
2684 3585 3083 3681 praeceptis

605 3693 966 3790 leqalibua
1019 3695 1328 3771 Praeses
1379 3695 1564 3770 dixit
1613 3720 1629 3770 ε
1691 3695 1865 3788 Quis
1904 3697 2167 3770 diceris
2193 3703 2228 3774 ,2
2277 3695 2694 3790 Respondit
2742 3719 2759 3770 ε
2810 3697 3081 3773 Julius.

603 3809 914 3886 Praeses
949 3810 1178 3886 dixit:
1221 3810 1412 3902 Quid
1445 3813 1650 3906 dicis,
1695 3812 1861 3886 Jubi
1887 3813 1928 3885 ,2
1986 3811 2171 3886 Vera
2223 3818 2385 3886 suut
2416 3811 2588 3886 haec
2627 3837 2805 3910 quae
2838 3813 3082 3888 dicun-

605 3931 723 3998 tur
757 3925 842 3998 de
875 3933 938 3999 te
961 3927 1003 3998 .2
1045 3925 1285 4001 Julius
1336 3927 1722 4021 respondit
1760 3951 1791 4000 ε.
1814 3927 1955 4002 Ita.
1996 3927 2457 4002 Christianus
2491 3929 2679 4000 enim
2711 3952 2911 4022 sum,·
2946 3954 3083 4003 non

603 4065 771 4138 neyo
803 4065 912 4113 me
936 4043 1142 4124 aliud
1169 4065 1310 4115 esse
1335 4067 1542 4140 quam
1573 4067 1756 4116 sum.
1790 4043 2103 4118 Praeses
2136 4043 2320 4117 dixit
2344 4043 2762 4141 :Numquid
2794 4045 3083 4142 iynoras
3114 4085 3183 4135 ⁴0

597 4165 966 4255 praecepta
1000 4182 1267 4256 requm,
1308 4161 1432 4256 qui
1438 4158 1686 4257 jubent
1722 4161 2091 4234 immolare
2128 4157 2322 4234 diis?
2356 4159 2601 4235 Julius
2644 4161 3025 4255 respondit
3063 4185 3077 4235 :

603 4271 767 4344 Non
801 4275 1046 4369 iquoro
1071 4274 1352 4372 quidem
1369 4303 1402 4367 ;
1436 4275 1561 4347 sed
1595 4299 1712 4373 eqo
1762 4275 2197 4350 christianus
2228 4299 2385 4349 sum
2422 4283 2483 4349 et
2516 4275 2641 4349 hoc
2668 4275 2905 4372 facere
2948 4301 3079 4350 non

589 4409 880 4484 possum
916 4389 1098 4485 quod
1131 4392 1262 4466 vis,
1300 4388 1446 4462 Nec
1495 4393 1682 4463 enim
1742 4416 1849 4464 me
1900 4399 2157 4489 oportet
2200 4391 2435 4466 Deum
2484 4416 2713 4466 meum
2748 4417 2983 4466 verum
3020 4401 3081 4466 et

601 4503 833 4576 vivum
865 4503 1202 4579 oblivisci.

699 4631 767 4689 2.
815 4619 1186 4695 Maximus
1231 4642 1530 4714 praeses
1566 4621 1752 4696 dixit
1788 4646 1803 4697 :
1849 4621 2040 4714 Quid
2074 4626 2263 4697 enim
2306 4649 2523 4721 qrave
2573 4631 2669 4700 est
2721 4624 3081 4721 turificare
3116 4664 3188 4715 ⁴5

600 4743 660 4808 et
694 4733 946 4808 abire?
971 4736 1210 4811 Julius
1231 4737 1659 4831 respondit:
1689 4738 1856 4812 Non
1876 4763 2171 4838 possum
2190 4747 2573 4839 praecepta
2622 4742 2877 4814 divina
2926 4765 3078 4814 oon-

601 4857 900 4924 temnere
948 4859 1014 4924 et
1045 4851 1358 4950 infidelis
1389 4877 1737 4952 apparere
1768 4853 1919 4929 Deo
1960 4881 2132 4930 meo.
2165 4855 2461 4932 Etenim
2486 4859 2567 4930 in
2592 4880 2781 4930 vana
2812 4856 3079 4931 militia
