3425 5584
1297 477 1386 532 nr.
1438 479 1498 532 s,
1539 475 1793 533 sanus,
2635 457 2783 530 439

305 675 935 750 Cananetidarum
961 672 1354 766 regionum
1379 671 1667 748 incolae
1681 670 1712 712 ⁸
1738 692 1867 746 eos
1893 675 2228 746 emerent
2260 670 2781 746 comedendos

307 791 628 866 Sanctus
661 789 1116 866 Philibertus
1161 789 1395 864 abbas
1441 787 2057 864 Gemmeticensis
2090 787 2365 862 horum
2408 786 2781 880 misertuS,

307 901 722 981 monachos
753 927 938 980 suos
971 927 1144 980 cum
1177 903 1503 980 navibus
1537 903 1833 979 onustis
1881 904 2011 978 illo
2046 901 2624 995 transmittebat,
2652 903 2782 996 qui

305 1023 676 1118 ejusmodi
724 1019 1070 1097 homines
1127 1022 1223 1097 ad
1282 1021 1416 1096 Dei
1457 1019 1863 1114 imaginem
1906 1019 2199 1095 effictos
2236 1019 2268 1059 ⁴
2302 1041 2351 1093 a
2398 1025 2553 1094 tam
2580 1019 2787 1116 ‘dura

239 1161 273 1211 ιι
307 1138 660 1215 servitute
717 1138 1165 1215 redimerent
1211 1159 1229 1212 ε
1283 1158 1610 1233 quorum
1659 1135 1852 1212 alios
1900 1135 2229 1228 clericos,
2286 1134 2477 1210 alios
2522 1156 2784 1211 mona-

306 1256 512 1349 choS,
549 1255 738 1331 alios
770 1255 1099 1331 famulos
1131 1253 1565 1330 monasterii
1599 1253 1967 1329 faciebat·

401 1371 487 1446 Π.
524 1371 716 1447 Cum
742 1370 968 1466 igitur
1001 1371 1332 1466 quadam
1365 1370 1484 1446 die
1507 1370 1588 1446 in
1615 1368 1939 1464 patriam
1974 1368 2217 1444 sancti
2242 1367 2531 1444 Sidonii
2558 1367 2785 1444 delati

305 1487 643 1580 fuissent,
673 1488 938 1562 beatus
970 1487 1412 1563 adulescens
1441 1507 1572 1562 eos
1597 1484 2117 1579 interpellavit,
2144 1485 2275 1579 qui
2302 1490 2378 1560 et
2401 1485 2785 1561 undenam

304 1609 576 1679 essent.
616 1603 952 1697 Cumque
984 1603 1091 1677 illi
1126 1603 1220 1678 ad
1254 1601 1554 1697 singula
1586 1600 1730 1697 ipsi
1762 1598 2323 1693 satisfecissent,
2358 1606 2434 1676 et
2476 1599 2786 1695 insuper

207 1741 270 1792 ιο
305 1719 546 1792 multa
611 1717 703 1792 de
761 1717 1003 1792 sancti
1049 1715 1434 1791 Philiberti
1480 1714 1884 1790 virtutibus
1938 1713 2419 1808 addidissent,
2480 1721 2793 1810 sanctus

308 1832 659 1908 Sidonius
698 1835 721 1874 ¹
756 1833 1009 1908 divino
1036 1854 1290 1908 amore
1315 1831 1854 1923 inflammatuS‚
1867 1829 2144 1907 relictis
2156 1830 2403 1925 patria
2426 1836 2501 1907 et
2523 1852 2787 1925 paren·

308 1949 508 2025 tibus
567 1949 645 2024 in
707 1949 1024 2025 Galliam
1085 1948 1394 2044 trajecit,
1457 1953 1532 2024 et
1587 1945 2126 2026 Gemmeticam
2169 1947 2198 1988 ⁸
2255 1945 2483 2040 venit,
2542 1945 2674 2022 ubi
2741 1970 2790 2023 a

306 2073 568 2141 sancto
603 2065 1007 2142 Philiberto
1043 2065 1312 2140 abbate
1345 2063 1910 2158 perhumaniter
1934 2069 2289 2157 exceptus
2320 2069 2435 2138 est
2475 2061 2526 2138 ⁸.
2554 2063 2789 2159 Cujus

309 2181 504 2257 votis
541 2188 850 2258 sanctus
886 2183 1121 2257 abbas
1154 2181 1699 2272 obsecundanS,
1711 2181 2036 2274 perlecta
2049 2178 2120 2254 ei
2152 2179 2483 2254 demore
2506 2181 2787 2274 regula,

205 2319 272 2369 ιο
309 2299 454 2373 sub
488 2321 642 2392 qua
675 2297 1130 2373 militaturus
1156 2303 1336 2389 erat,
1354 2296 1422 2373 ei
1449 2295 1795 2372 habitum
1823 2295 2331 2372 monasticum
2356 2295 2581 2372 dedit.
2603 2296 2790 2372 Bea-

305 2420 430 2490 tus
483 2415 920 2490 adulescens
954 2436 1147 2507 quae
1183 2419 1340 2488 tam
1367 2412 1656 2492 ardenti
1685 2411 1941 2487 animo
1976 2412 2461 2506 concupierat
2492 2434 2789 2488 assecu-

307 2535 450 2622 tuS,
496 2552 577 2606 se
625 2535 866 2605 totum
903 2531 1058 2604 Deo
1107 2529 1187 2604 in
1219 2529 1654 2604 servitutem
1689 2527 1982 2604 dicavit.
2018 2527 2202 2604 Cibo
2244 2527 2599 2604 mediocri
2630 2533 2789 2604 ute-

305 2647 548 2739 batur,
577 2645 932 2741 pudicitia
957 2650 1118 2721 erat
1151 2644 1581 2737 incredibili,
1600 2644 2023 2720 humilitate
2048 2665 2361 2739 prorsus
2394 2645 2789 2739 stupenda.

305 2763 651 2857 Longum
699 2767 894 2838 esset
937 2783 1200 2836 omnes
1253 2761 1440 2836 alias
1469 2761 1630 2856 ejus
1672 2761 1702 2801 ⁴
1728 2760 2041 2837 virtutes
2076 2782 2479 2854 recensere,
2515 2759 2792 2856 quibus

201 2897 270 2948 πο
308 2878 570 2954 ceteris
603 2885 679 2953 et
697 2878 922 2954 etiam
952 2876 1374 2953 senioribus
1392 2877 1884 2971 praelucebat.
1900 2867 2095 2952 Tam
2128 2876 2482 2952 eximiam
2506 2877 2588 2953 in
2608 2880 2789 2953 adu-

305 2996 626 3070 lescente
673 2994 1089 3069 admiratus
1135 2992 1719 3069 sanctimoniam
1752 2997 2063 3068 sanctus
2096 2992 2573 3086 Philibertus,
2611 3014 2788 3069 eum
2827 3001 2833 3006 '

305 3111 567 3187 ceteris
602 3113 968 3204 tanquam
1001 3109 1105 3185 rei
1141 3108 1604 3184 monasticae
1638 3109 1961 3203 speciem
1998 3114 2074 3184 et
2106 3110 2489 3204 exemplar
2521 3131 2789 3206 propo·

303 3226 553 3302 nebat.
614 3225 828 3301 Circa
894 3226 1080 3302 haec
1144 3230 1487 3319 tempora
1543 3223 2075 3318 Theodoricus‚
2128 3245 2265 3300 rex
2296 3225 2784 3319 Francorum,

303 3341 503 3416 filius
553 3341 904 3416 Clodovei
936 3341 1266 3434 secundi,
1320 3340 1736 3416 aedificavit
1796 3340 2261 3435 Rothomagi
2320 3339 2789 3434 coenobium,

201 3484 270 3535 ιο
303 3459 505 3553 quod
532 3464 793 3553 postea
807 3458 1090 3533 dictum
1108 3462 1222 3533 est
1236 3457 1330 3532 ad
1357 3462 1706 3533 sanctum
1733 3456 2149 3550 Sidonium,
2168 3457 2301 3552 qui
2322 3461 2788 3552 perspectam

303 3575 594 3650 habens
627 3574 868 3650 sancti
903 3571 1191 3648 Sidonii
1224 3571 1598 3667 pietatem,
1634 3593 1810 3647 eum
1845 3571 2176 3666 primum
2210 3569 2388 3647 huic
2415 3577 2789 3648 monaste·

303 3691 418 3766 rio
444 3689 794 3784 praefecit
819 3689 1166 3764 abbatem
1175 3687 1326 3762 ‚Vir
1349 3687 1650 3762 Domini
1675 3686 2053 3782 Sidonius,
2070 3688 2168 3763 ad
2192 3688 2396 3762 hunc
2419 3689 2784 3764 honorem

304 3813 624 3898 evectuS,
694 3811 1086 3898 tamquam
1151 3803 1232 3879 in
1301 3825 1468 3879 arce
1535 3803 1879 3878 omnium
1928 3803 2295 3879 virtutum
2356 3803 2783 3898 collocatuS,

305 3922 648 3997 omnium
684 3922 940 3996 oculos
973 3919 1092 3996 sui
1126 3919 1372 4015 rapuit
1407 3919 1925 3996 admiratione.

202 4061 268 4114 30
401 4038 518 4114 ΠΙ.
555 4037 772 4112 Tunc
805 4041 1114 4112 sanctus
1171 4035 1582 4111 Leufredus
1643 4035 1722 4110 in
1784 4036 2117 4128 quodam
2174 4056 2402 4131 specu
2448 4035 2787 4112 inclusus

303 4155 578 4228 durum
626 4160 700 4228 et
747 4173 1097 4248 asperum
1144 4151 1442 4226 vivendi
1499 4173 1739 4245 genus
1787 4173 1923 4244 pro
1972 4149 2270 4227 Christo
2312 4151 2783 4245 sequebatur.

303 4271 527 4344 Hunc
559 4271 871 4364 angelus
907 4291 954 4343 a
985 4269 1139 4343 Deo
1192 4267 1472 4342 missus
1515 4267 1907 4342 admonuit
1939 4272 2026 4342 ut
2073 4267 2641 4361 Rothomagum
2690 4268 2786 4342 ad

305 4386 580 4460 Christi
629 4388 650 4426 ¹
687 4385 1058 4460 famulum
1103 4385 1130 4423 ²
1165 4405 1245 4460 se
1280 4383 1666 4475 conferret,
1696 4382 2100 4478 omniaque
2134 4405 2328 4478 quae
2348 4383 2493 4459 sibi
2526 4384 2622 4458 ab
2657 4375 2785 4458 illo

303 4651 373 4662 —
388 4623 414 4658 ⁸
437 4639 534 4678 eos
557 4625 686 4677 add.
701 4649 770 4660 —-·
789 4621 814 4656 ⁴
841 4621 1087 4676 effecto&

371 4703 440 4759 11.
457 4734 525 4744 —
543 4705 561 4740 ¹
583 4705 836 4771 (Sanctus
854 4703 1132 4771 Sidonius)
1151 4721 1318 4758 om.—
1333 4703 1358 4738 ⁸
1374 4703 1803 4758 Gemeticum.—·
1816 4705 1841 4740 ³
1858 4703 1971 4768 Ille,
1993 4704 2133 4760 tanti
2144 4703 2250 4761 viri
2266 4703 2597 4776 sapientiam
2612 4705 2785 4760 admi·

304 4793 459 4844 ratus
481 4792 537 4844 et
559 4786 719 4842 humi
743 4790 1065 4856 prostratuS,
1100 4785 1156 4840 in
1183 4801 1478 4842 numerum
1509 4787 1743 4842 fratrum
1782 4786 2021 4843 adscribi
2054 4787 2375 4859 efflagitavit
2402 4789 2529 4844 add.
2548 4817 2611 4829 —-
2634 4789 2658 4824 ⁴
2680 4805 2787 4844 om.

371 4867 468 4926 111.
495 4896 559 4911 -
585 4871 604 4906 ¹
631 4869 855 4925 Domini
879 4871 1008 4924 add.
1035 4897 1096 4908 —
1123 4868 1148 4903 ⁸
1164 4867 1452 4924 Sidonium
1476 4871 1605 4924 add.
