3425 5584
56 1533 68 1580 ·==
56 1435 70 1480 v-=
55 1335 66 1380 ¹¹-
56 1237 65 1276 -⁷
56 1137 64 1174 *-
56 1031 70 1070 tl
56 929 74 974 {fl
56 829 74 874 nl
56 729 64 770 '“

1204 542 1265 597 S.
1317 537 1868 592 camsrornom.
2637 518 2791 594 405

311 729 684 815 quicumque
705 749 822 815 per
847 735 906 794 te
931 731 1300 795 accesserint
1341 727 1432 794 ad
1459 749 1577 812 me,
1624 749 1754 794 non
1812 727 2213 796 memorabor
2265 737 2523 815 peccata
2572 751 2791 797 eorum

311 827 611 912 amplius,
639 828 794 892 dicit
822 827 1162 896 Dominus.
1190 827 1318 894 Per
1339 828 1624 914 qloriam
1655 849 1865 894 meam
1879 829 2039 914 juro
2062 828 2179 894 tibi
2205 830 2358 915 quia
2382 831 2452 894 in
2474 830 2791 914 paradiso

309 933 510 993 erunt.
559 927 842 994 Sanctus
890 928 1400 1012 Chrislophorus
1429 928 1635 995 dicit:
1667 927 1744 992 Si
1787 929 2002 993 inveni
2024 930 2311 1012 qratiam
2352 929 2423 992 in
2466 937 2794 1014 conspectu

309 1033 436 1110 τωο,
465 1026 740 1092 Domine
773 1027 974 1097 ,Deus
1031 1047 1225 1111 meus,
1281 1027 1370 1092 da
1397 1027 1558 1092 mihi
1600 1027 1915 1110 fiduciam
1970 1027 2269 1113 loquendi
2296 1026 2386 1091 ad
2412 1034 2489 1094 te.
2512 1027 2593 1094 Et
2635 1028 2795 1096 dicit

310 1123 628 1192 Dominus
660 1149 676 1192 ε
727 1125 1013 1212 Loquere
1067 1126 1236 1212 quod
1281 1127 1551 1192 volueris
1609 1126 1729 1210 (1).
1783 1126 2155 1210 Respondit
2202 1131 2469 1193 sanctus
2517 1126 2743 1194 dicens
2772 1147 2790 1193 =

240 1237 276 1286 ο
311 1223 605 1308 Domine,
627 1225 717 1290 da
743 1227 972 1290 iterum
997 1228 1283 1312 qratiam
1311 1226 1566 1312 corpori
1590 1245 1745 1306 meo,
1791 1231 1864 1290 ut
1892 1245 2103 1290 omnes
2130 1227 2244 1312 qui
2268 1225 2607 1291 habuerint
2624 1247 2791 1312 par-

309 1330 432 1388 tem
479 1323 902 1410 reliquiarum
959 1345 1268 1409 mearum,
1325 1332 1579 1390 tantam
1631 1324 1923 1408 qratiam
1980 1330 2351 1390 mereantur
2399 1331 2472 1390 ut
2526 1327 2793 1410 spiritus

309 1422 633 1508 maliqnus
658 1444 789 1489 non
815 1444 918 1489 eos
929 1431 1280 1509 perterreat
1299 1443 1494 1510 neque
1517 1424 1735 1509 passio
1764 1415 2189 1507 infirmitatis,
2216 1431 2274 1489 et
2303 1444 2547 1490 omnem
2574 1445 2789 1490 concu-

303 1521 678 1608 piscentiam
721 1522 964 1589 malam
991 1523 1216 1609 repelle
1265 1522 1346 1588 ab
1373 1525 1481 1589 eis.
1510 1523 1787 1588 Domine
1831 1523 2009 1588 Deus
2036 1543 2230 1605 meus,
2261 1524 2387 1588 sive
2412 1523 2638 1589 civitas
2664 1525 2791 1590 sive

297 1623 476 1708 ,reqio
506 1620 599 1686 vel
624 1621 797 1687 locus
841 1621 951 1688 ubi
971 1621 1220 1706 fuerint
1262 1623 1340 1689 de
1387 1623 1674 1708 reliquiis
1703 1623 1877 1714 meis,
1904 1641 2031 1686 non
2076 1622 2477 1707 superveniat
2502 1621 2591 1687 ibi
2616 1622 2791 1689 indi-

205 1730 272 1781 ιο
304 1721 527 1805 qnatio
552 1721 898 1806 qrandinis
917 1742 1110 1808 neque
1149 1722 1342 1788 laesio
1365 1721 1634 1807 fruqum
1663 1727 1781 1785 aut
1807 1721 2113 1786 sterilitas
2132 1721 2463 1786 vinearum
2473 1745 2503 1803 ,·
2529 1721 2638 1786 sed
2658 1729 2713 1787 et
2734 1723 2791 1788 si

309 1819 657 1906 aliquando
686 1821 892 1886 laesae
913 1821 1180 1905 fuerint,
1218 1822 1380 1887 sicut
1423 1823 1545 1886 mei
1575 1822 1967 1906 praesentia,
2028 1819 2399 1906 ubicumque
2433 1820 2791 1887 devenerint

307 1916 612 2004 reliquiae
639 1939 830 2003 meae,
853 1919 1026 1985 dona
1052 1922 1360 2005 qratiam,
1390 1919 1663 1986 Domine
1691 1917 1873 1985 Deus
1901 1939 2091 2001 meus,
2132 1926 2206 1984 ut
2245 1939 2459 1985 omnes
2500 1917 2790 1986 habitan-

309 2023 395 2082 tes
420 2018 490 2081 in
519 2020 798 2104 reqionae
823 2019 974 2085 illas
994 2018 1238 2085 labores
1264 2020 1552 2085 culturae
1590 2037 1745 2084 suae
1792 2016 2131 2102 affluenter
2158 2019 2544 2104 excipientes,
2572 2020 2790 2105 repleti

307 2122 423 2180 tua
466 2119 690 2203 qratia
714 2117 1064 2203 qlorificent
1098 2126 1388 2184 sanctum
1429 2138 1652 2184 nomen
1676 2124 1861 2182 tuum
1885 2137 1960 2182 ex
1988 2123 2112 2181 toto
2147 2117 2334 2182 corde
2359 2138 2492 2183 suo.
2524 2117 2631 2183 1ta
2654 2119 2785 2203 fac,

206 2233 272 2283 ιο
310 2215 584 2282 Domine
624 2215 802 2282 Deus
828 2237 1021 2282 meus.
1051 2218 1132 2284 Et
1158 2217 1317 2284 dicit
1336 2217 1656 2284 Dominus
1687 2239 1704 2282 :
1736 2215 2099 2281 Secundum
2131 2216 2299 2302 quod
2316 2217 2668 2301 postulasti
2690 2219 2787 2283 ita

305 2317 441 2398 erit,
495 2321 550 2379 et
603 2336 732 2380 non
780 2322 839 2381 te
896 2316 1294 2382 contristabo.
1359 2316 1460 2382 Tu
1487 2319 1700 2402 itaque
1731 2315 1888 2398 veni,
1942 2315 2206 2380 ascende
2241 2314 2329 2379 ad
2350 2315 2595 2397 fratres
2622 2321 2783 2383 tuos.

311 2412 540 2479 Omnes
581 2417 744 2480 enim
776 2417 886 2480 isti
911 2418 1238 2480 mirantur
1267 2418 1432 2498 inte,
1459 2423 1517 2481 et
1545 2417 1777 2480 militia
1809 2413 2180 2500 anqelorum
2210 2433 2491 2478 meorum
2523 2417 2783 2498 cupiunt

303 2513 510 2578 videre
537 2521 612 2579 te.
637 2514 718 2581 Et
744 2515 910 2582 haec
933 2535 1083 2581 cum
1113 2515 1404 2594 dixisset,
1432 2515 1732 2582 discessit
1754 2517 1819 2580 et
1840 2513 2020 2578 venit
2050 2511 2137 2576 ad
2166 2511 2383 2577 locum
2423 2531 2782 2596 praepara·

303 2615 448 2678 tum
478 2617 544 2679 et
573 2613 736 2680 dixit
757 2613 846 2680 ad
867 2615 1330 2699 spiculatorem
1359 2636 1376 2680 z
1420 2612 1597 2698 Veni,
1622 2614 1742 2697 fili,
1757 2612 1873 2696 fac
1904 2611 2072 2698 quod
2100 2609 2213 2675 tibi
2228 2611 2489 2695 jussum
2518 2620 2623 2677 est.
2656 2611 2782 2677 Sed

195 2725 265 2776 20
303 2710 538 2796 adjuro
567 2718 624 2777 te
641 2733 762 2796 per
782 2712 1012 2798 Deum,
1042 2715 1152 2800 qui
1182 2713 1452 2779 intendit
1479 2719 1670 2798 super
1697 2710 1901 2778 orbem
1936 2718 2161 2793 terrae,
2189 2730 2266 2773 ne
2294 2729 2390 2774 me
2402 2709 2672 2794 judices.
2700 2711 2783 2778 Et

301 2809 465 2875 haec
494 2809 736 2891 dicem,
767 2813 1172 2894 consignavit
1192 2831 1285 2891 se,
1311 2815 1376 2878 et
1399 2811 1544 2877 fixis
1571 2810 1867 2894 genibuS‚
1892 2806 2187 2874 extendit
2213 2806 2565 2885 cervicem;
2594 2812 2662 2873 et
2688 2809 2781 2874 sic

301 2911 721 2991 amputatum
769 2913 870 2975 est
921 2914 1118 2993 caput
1145 2909 1305 2994 ejuS.
1351 2908 1855 2976 Consummavit
1884 2910 2106 2974 autem
2146 2905 2537 2990 martyrium
2584 2925 2779 2974 suum

300 3007 406 3072 die
435 3007 780 3088 dominica,
809 3010 976 3076 hora
1006 3011 1307 3094 septima.

383 3112 497 3173 28.
527 3106 798 3173 Audivit
819 3113 1042 3174 autern
1064 3108 1412 3193 episcopus
1437 3106 1718 3174 civitatis
1742 3107 2210 3193 At[h]anasius
2234 3107 2459 3174 Italiae
2480 3107 2576 3188 (2)
2604 3122 2778 3190 quae

191 3227 260 3278 ἐς
291 3204 522 3287 juncta
553 3210 655 3272 est
675 3207 972 3272 terminis
997 3207 1307 3273 Persidis.
1323 3206 1448 3272 Hic
1477 3205 1655 3272 venit
1683 3206 1754 3270 in
1774 3206 2213 3286 Antiochiam,
2232 3210 2299 3273 et
2322 3205 2505 3271 dedit
2524 3208 2780 3272 trecen-

297 3307 401 3369 tos
443 3322 678 3372 aureos
707 3305 1020 3371 ministris
1049 3307 1239 3390 regis,
1264 3309 1330 3374 et
1355 3305 1504 3372 tulit
1533 3323 1773 3387 corpus
1820 3307 2030 3372 sancti
2070 3304 2378 3390 martyris
2406 3308 2473 3370 et
2506 3302 2781 3388 protulit

297 3403 364 3467 in
406 3423 598 3469 suam
628 3403 978 3471 civitatem.
1009 3405 1275 3472 Fluvius
1316 3409 1542 3472 autem
1593 3403 2041 3471 descendebat
2067 3407 2131 3471 et
2161 3402 2526 3470 inundabat
2551 3403 2778 3469 civita-

297 3503 450 3567 tem.
480 3502 844 3587 Episcopus
875 3522 1032 3570 vero
1078 3505 1226 3570 fecit
1268 3502 1608 3570 basilicam
1641 3501 1709 3569 in
1754 3503 1931 3569 exitu
1960 3502 2268 3582 fluminis,
2297 3506 2363 3568 et
2404 3501 2495 3568 ibi
2538 3519 2775 3587 corpus

295 3601 506 3667 sancti
555 3601 864 3686 martyris
912 3602 1252 3686 deposuit3
1289 3607 1358 3668 et
1406 3620 1678 3668 aversus
1731 3604 1831 3668 est
1880 3600 2117 3670 fluvius
2166 3601 2234 3666 in
2276 3600 2477 3667 aliam
2514 3604 2775 3684 partem

186 3721 256 3774 30
293 3699 558 3780 montiS,
581 3704 647 3768 et
674 3701 1003 3767 custodita
1032 3706 1133 3767 est
1160 3702 1388 3769 civitas
1410 3700 1723 3785 usquein
1756 3699 2152 3767 hodiernum
2183 3700 2380 3766 diem.
2400 3700 2477 3764 In
2506 3698 2774 3765 nomine

294 3797 510 3864 Patris
540 3803 603 3864 et
635 3798 777 3864 Filii
812 3803 880 3864 et
925 3799 1206 3883 Spiritus
1257 3800 1489 3880 sancti,
1517 3799 1622 3865 cui
1672 3801 1775 3864 est
1820 3798 2033 3864 honor
2084 3802 2151 3864 et
2200 3797 2427 3880 gloria,
2463 3796 2672 3863 virtus
2709 3800 2777 3863 et

291 3899 586 3979 potestas
628 3897 696 3963 in
746 3897 1008 3964 saecula
1036 3899 1468 3964 saeculorum.
1493 3897 1727 3964 Amen.

357 4109 433 4179 (1)
476 4111 628 4166 Haec
661 4111 933 4182 apparitio
960 4112 1182 4168 Domini
1217 4118 1275 4169 et
1307 4119 1488 4168 terrae
1521 4117 1709 4168 motus
1732 4111 1985 4166 fabulose
2008 4111 2315 4180 excogitata
2338 4114 2468 4165 sunt
2498 4109 2571 4164 ab
2604 4110 2773 4166 intor-

289 4195 446 4263 prete
484 4193 676 4249 latino.
711 4223 775 4233 —
808 4195 883 4262 (2)
922 4195 1194 4266 Coi-rupta
1217 4212 1326 4251 vox
1352 4211 1420 4250 ox
1447 4197 1675 4250 Aitolia.
1710 4195 1773 4249 In
1795 4210 1993 4264 graeco
2032 4196 2189 4249 textu
2223 4193 2511 4264 episcopus
2545 4195 2775 4248 vocatur

289 4275 505 4341 Petrus,
555 4276 711 4346 cujus
757 4293 964 4332 nomen
1005 4277 1322 4333 conseratur
1361 4294 1488 4333 cum
1528 4277 1755 4333 nomine
1794 4275 2097 4346 presbyteri
2138 4274 2249 4346 qui,
2294 4274 2597 4330 secundum
2653 4289 2771 4329 ver-

290 4356 506 4414 sionem
528 4359 776 4426 latinam‚
802 4360 1096 4430 baptizavit
1116 4360 1170 4416 S.
1195 4360 1678 4430 christophorum.
