3425 5584
1112 486 1174 546 s.
1231 485 1443 546 nrm
1494 486 1925 546 caranum.
2624 468 2772 551 887

292 675 442 758 illie
475 674 886 759 substituit.
923 676 1088 776 lpse
1123 698 1300 757 vero
1341 677 1438 759 ad
1470 676 1954 759 solitudinem
1984 676 2288 761 solitam
2318 678 2557 779 rediit.
2582 683 2771 764 etin

299 792 538 874 sollus
593 792 1031 893 spectatoris
1087 792 1328 875 oeulis
1383 813 1642 875 seeum
1699 792 2087 875 habitavit.
2146 793 2310 876 Hoc
2362 796 2569 895 quod
2615 796 2771 879 dixi

295 908 840 990 monasterium
897 906 980 989 in
1023 906 1170 989 illis
1216 908 1482 991 diebus
1529 908 1832 1010 aceepit,
1866 909 2015 991 boo
2049 909 2576 1011 reeoneiliavit,
2624 913 2773 995 boo

297 1027 546 1105 totum
591 1022 686 1103 de
737 1041 942 1103 novo
973 1020 1250 1121 mouit,
1281 1022 1799 1123 po-essiones
1829 1044 2025 1123 quas
2054 1022 2425 1106 babuerat
2468 1044 2771 1127 reeupe-

217 1170 254 1225 ι
285 1138 503 1237 ravit,
527 1136 737 1220 etita
757 1135 840 1219 in
871 1136 1083 1220 brevi
1106 1136 1189 1220 in
1223 1138 1586 1221 omnibus
1608 1138 1875 1220 florere
1897 1139 2159 1241 eoepit,
2184 1140 2391 1239 quod
2413 1139 2770 1224 omnibus

291 1251 632 1335 mirabile
688 1252 1102 1335 videbatur.
1167 1252 1255 1335 In
1320 1254 1584 1335 eodem
1652 1274 1833 1335 vero
1895 1260 2247 1355 poterant
2316 1256 2766 1345 commorari

288 1368 559 1451 stanes
614 1369 878 1471 procul
939 1368 1170 1451 dubio
1235 1369 1650 1470 sexaginta,
1708 1369 1843 1452 sed
1906 1370 2408 1471 quadraginta
2461 1376 2541 1453 et
2590 1373 2765 1473 plus

289 1484 567 1567 ibidem
601 1484 957 1567 oontlnue
986 1485 1504 1567 morabantur.
1552 1484 1662 1567 De
1709 1485 1931 1587 ciuus
1986 1486 2425 1568 monasterii
2476 1493 2761 1569 restau-

288 1600 581 1682 ratione
619 1605 922 1683 tantum
952 1599 1314 1701 gaudium
1347 1605 1792 1701 tantamque
1838 1599 2201 1682 laetitiam
2249 1622 2517 1684 omnes
2559 1602 2761 1703 adja-

178 1747 250 1803 οο
289 1714 619 1798 eandum
666 1714 1226 1817 provinciarum
1273 1715 1624 1797 homines
1670 1719 1748 1797 et
1804 1715 2074 1798 stanes
2119 1716 2503 1799 habebant
2555 1718 2761 1819 quod

281 1832 543 1914 nullus
572 1830 854 1913 suffieit
875 1830 1141 1929 disere,
1173 1830 1354 1933 qma
1383 1830 1602 1931 quasi
1637 1852 1688 1913 a
1717 1831 2049 1932 quodam
2080 1832 2519 1934 plenissbno
2550 1833 2759 1915 fonte

279 1968 547 2029 omnes
602 1946 924 2048 vatiam
979 1946 1442 2048 spiritualem
1492 1951 1568 2028 et
1615 1947 2106 2047 temporalem
2162 1948 2290 2049 [ab
2322 1951 2441 2051 eo]
2490 1949 2531 1993 ⁸
2578 1950 2759 2031 reol-
2846 1964 2879 2004 ·
2897 1964 3027 2027 m
3046 1982 3160 2027 om·-

275 2060 605 2163 piebant.
2806 2035 3205 2172 *⁸252*

282 2402 2759 2495 [nummum-quanmmmsantstosmnmoma

172 2538 245 2593 η
441 2506 2759 2589 Μωςάοοοαιωωωιιωοτωωοοιωοψῆοω

439 2602 1749 2695 ιιιοιιιιιωίη.3οωῃ111ῃὲιιιιο].

381 2848 523 2933 1⁸⁸.
577 2852 724 2933 Sed
755 2850 1118 2951 antiquus
1175 2852 1647 2933 advarsarlus
1694 2852 1843 2932 hoo
1873 2852 2242 2952 patienter
2280 2873 2438 2934 non
2482 2852 2751 2952 rerem,

281 2968 546 3050 videns
592 2968 799 3067 quod
830 2966 1234 3048 multitudo
1265 2966 1602 3048 maxima
1649 2966 2049 3048 bominum
2080 2989 2215 3068 per
2244 2967 2514 3050 stanes
2552 2968 2755 3050 illius

277 3082 714 3164 monasterii
745 3086 822 3164 et
867 3082 1211 3183 exempla
1257 3082 1562 3163 illorum
1613 3082 1710 3162 ad
1758 3081 2001 3164 Deum
2050 3084 2643 3182 convertebatur,
2678 3089 2755 3165 et

169 3227 242 3284 so
282 3198 464 3299 quia
511 3198 766 3299 plures
814 3192 968 3278 alia
1024 3196 1391 3278 beneficia
1454 3196 1875 3298 spiritualia
1933 3197 2201 3278 exinde
2266 3197 2750 3299 acciplebant,

273 3335 640 3415 pauperes
695 3319 774 3393 et
829 3334 1070 3413 paene
1126 3312 1364 3393 totius
1420 3312 1849 3415 provinciae
1898 3312 2003 3393 ibi
2066 3312 2148 3393 in
2214 3314 2752 3413 temporalibus

274 3430 840 3529 recuperabant,
874 3426 1268 3509 suscitavit
1301 3428 1686 3509 aemulum
1719 3449 1949 3510 suum
1982 3426 2023 3470 ⁸
2057 3428 2456 3508 adversum
2486 3448 2749 3509 mona-
2860 3440 2891 3476 ·
2910 3456 3055 3501 om.
3076 3443 3139 3500 c»

275 3545 588 3626 sterium
644 3550 723 3624 et
770 3543 1039 3625 stanes
1089 3542 1314 3641 illius,
1347 3542 1685 3624 videlieet
1715 3544 2086 3623 domnum
2135 3542 2568 3643 symonem,
2618 3544 2750 3643 qul
2814 3522 3178 3633 ‘'353⁸‘'

274 3681 409 3760 per
437 3660 766 3741 multum
811 3658 1173 3758 temporis
1205 3657 1536 3759 spatium
1576 3664 2014 3759 persecutus
2042 3664 2159 3740 est
2207 3656 2397 3739 illos.
2439 3658 2747 3740 Petebat

165 3805 238 3861 ss
271 3775 412 3857 iste
435 3774 818 3875 malignus
842 3774 1094 3859 bomo,
1108 3774 1262 3854 duo
1295 3773 1574 3855 casalia
1605 3780 1682 3855 et
1713 3774 2230 3874 possessiones
2260 3794 2454 3873 quas
2484 3795 2747 3856 mona-

271 3891 584 3972 sterium
634 3889 1112 3990 posidebau
1165 3890 1435 3971 stau-es
1464 3911 1640 3970 vero
1673 3890 2095 3971 renuebant
2132 3895 2210 3970 et
2257 3890 2619 3971 nolebant
2665 3890 2747 3971 in

271 4006 814 4107 praejudicium
839 4004 1266 4086 animarum
1285 4026 1600 4086 suarum
1623 4026 1747 4085 res
1772 4004 2304 4087 ecclesiasticas
2326 4026 2462 4087 seu
2483 4026 2746 4086 mona·

271 4122 478 4204 sterii
500 4120 1199 4202 alienare.1stevero
1220 4141 1355 4220 per
1371 4141 1456 4200 se
1477 4125 1552 4200 et
1566 4142 1700 4219 per
1725 4120 1913 4201 allos
1930 4121 2201 4202 fratr-es
2222 4120 2744 4221 injuriabatur,

267 4258 390 4317 res
422 4236 832 4334 auferebat,
864 4242 943 4316 et
991 4241 1153 4316 toto
1190 4234 1587 4316 conamine
1620 4234 1969 4315 diabolus
1998 4257 2133 4336 per
2163 4258 2340 4317 eum
2371 4242 2747 4317 monaste·

172 4381 239 4439 so
271 4351 472 4433 rium
502 4352 1057 4432 damnificabat.
1111 4351 1258 4431 Sed
1290 4356 1365 4431 et
1396 4352 1668 4431 iratres
1701 4351 1962 4432 omnia
1991 4351 2361 4451 patienter
2408 4351 2748 4432 ferebant

267 4488 408 4567 pro
438 4466 574 4547 Dei
599 4466 894 4566 justitia
940 4472 1019 4546 et
1074 4465 1429 4547 ecelesiae
1479 4466 1823 4547 libertate
1856 4467 2394 4560 conservanda.
2434 4466 2531 4546 Et
2561 4467 2748 4547 baec

267 4582 684 4682 persecutio
716 4582 1013 4663 duravit
1061 4582 1215 4663 fere
1247 4604 1381 4681 per
1411 4580 1512 4660 VI
1563 4603 1809 4662 annos
1861 4580 2236 4663 continue.
2286 4582 2512 4663 Pater
2566 4572 2745 4663 ver'o

268 4704 579 4779 sanctus
613 4697 1098 4779 considerans
1145 4703 1222 4778 et
1254 4697 1643 4796 diligenter
1690 4697 2087 4779 attendens
2135 4697 2337 4778 illius
2385 4697 2744 4798 impaeni-

266 4812 491 4893 tentis
523 4813 894 4895 malitiam
942 4818 1018 4893 et
1067 4814 1391 4894 tran-um
1441 4812 1879 4893 continuam
1908 4812 2304 4913 justitiam,
2338 4812 2615 4894 timens
2646 4836 2744 4895 ne
