3425 5584
1133 446 1406 529 moun
1456 463 1549 517 ns
1593 463 2049 536 Boenasa-m.-
2673 442 2820 518 263

336 652 544 730 west,
566 653 762 736 being
788 652 953 718 both
981 647 1266 735 brought
1292 664 1383 737 up
1410 654 1710 737 together
1729 652 1760 693 ⁸
1784 654 1957 720 from
1974 652 2146 719 their
2172 654 2375 737 youth
2407 654 2477 719 in
2504 654 2721 722 studie
2749 658 2821 720 at

336 750 686 836 Cambrige
726 751 954 818 where
993 771 1195 835 many
1235 750 1686 837 disputacions
1712 753 1744 793 ⁴
1770 755 1807 794 *
1834 752 1970 819 had
1998 746 2243 837 passed
2271 752 2575 819 between
2615 754 2820 833 them,

325 852 412 917 'as
441 852 658 936 partly
687 852 756 917 in
785 850 900 917 the
927 850 1074 917 said
1092 852 1358 934 preface
1392 852 1661 917 himself
1671 851 1837 918 doth
1856 847 2250 943 remember.
2269 852 2413 917 The
2436 852 2819 936 inscription

333 951 412 1016 ot'
423 950 638 1017 which
663 950 877 1017 booke
896 970 1038 1016 was
1059 952 1213 1017 thus
1237 952 1342 1042 :A
1361 950 1612 1034 defcnce
1633 951 1713 1034 of
1723 950 1823 1015 the
1842 950 1997 1036 kinq
2017 951 2095 1035 of
2108 951 2447 1037 Enylands
2468 953 2779 1016 assertion
2793 954 2821 992 ⁵

335 1049 416 1133 of
432 1048 546 1115 the
572 1049 898 1135 catholyck
919 1050 1092 1134 saith
1119 1054 1375 1135 nquinat
1399 1050 1655 1115 Martia
1682 1048 1963 1115 Luthers
1980 1048 2167 1116 booke
2194 1050 2274 1134 of
2293 1050 2391 1116 the
2416 1052 2733 1135 captivi-tie
2752 1049 2832 1133 of
2887 1067 2889 1070 ·

337 1148 634 1215 Babuzon
657 1150 781 1235 (1).
807 1150 1034 1215 About
1069 1149 1186 1215 the
1213 1168 1400 1215 same
1426 1150 1586 1215 time
1610 1150 1698 1216 he
1726 1150 1869 1215 also
1912 1150 2236 1238 compiled
2263 1170 2351 1215 an
2373 1150 2561 1216 other
2588 1150 2820 1230 booke,

335 1250 588 1315 wherin
609 1251 694 1315 he
723 1249 1054 1315 defended
1091 1249 1203 1314 the
1223 1248 1379 1333 holy
1408 1249 1604 1315 order
1630 1250 1703 1315 of
1725 1249 2107 1333 preisthood
2134 1249 2396 1332 against
2418 1250 2667 1315 Luther
2686 1250 2823 1317 and

340 1354 442 1414 set
468 1350 518 1414 it
561 1356 631 1415 ‘to
662 1350 777 1414 the
804 1350 1022 1432 printe
1049 1350 1164 1433 (2).

419 1455 538 1515 54.
571 1448 750 1513 Tuus
779 1447 1140 1531 lamenting
1166 1450 1324 1519 with
1357 1448 1631 1513 himself
1665 1449 1781 1513 the
1823 1452 2093 1531 present
2120 1452 2293 1514 state
2336 1449 2408 1513 of
2429 1448 2645 1531 things
2689 1450 2824 1515 and

337 1548 642 1639 devising-
659 1548 854 1613 howe
881 1552 950 1613 to
977 1542 1257 1631 provide
1280 1548 1572 1614 remedie
1594 1548 1696 1613 for
1720 1547 1866 1613 that
1889 1546 2105 1613 which
2125 1548 2213 1613 he
2234 1567 2414 1614 sawe
2437 1548 2822 1631 followinge‚

333 1646 484 1729 lyke
533 1650 694 1713 unto
741 1648 765 1685 ¹
811 1667 854 1711 a
897 1646 1166 1712 carefull
1213 1646 1548 1729 shepherd
1604 1646 1693 1712 he
1742 1645 1899 1730 layd
1938 1646 2173 1727 watch,
2197 1648 2267 1712 in
2324 1665 2523 1730 every
2573 1666 2823 1727 corner,

334 1746 680 1829 searching
707 1745 795 1811 all
823 1745 1048 1828 places
1074 1745 1298 1811 where
1339 1744 1456 1810 the
1492 1746 1747 1812 enemie
1772 1744 1983 1829 might
2008 1750 2213 1811 enter.
2248 1746 2400 1811 And
2440 1746 2663 1811 where
2690 1765 2823 1830 any

333 1864 522 1911 came
549 1844 782 1909 within
825 1844 928 1910 his
977 1846 1195 1923 mach,
1224 1844 1310 1910 he
1354 1845 1508 1909 took
1535 1844 1737 1911 holde
1776 1864 1864 1911 on
1918 1844 2135 1933 them,-
2172 1843 2523 1927 especially
2565 1846 2823 1929 against

334 1944 733 2022 Lutherans3
761 1943 849 2008 he
891 1943 1154 2009 exalted
1183 1944 1288 2009 his
1327 1944 1514 2010 voice
1554 1945 1703 2026 lyke
1733 1963 1776 2008 a
1803 1947 2136 2026 tmmpett,
2164 1943 2525 2027 preaching
2566 1942 2824 2027 against

333 2043 515 2108 them
561 2061 744 2108 more
793 2043 1092 2127 liberally
1121 2044 1254 2109 and
1281 2042 1422 2108 also
1452 2062 1635 2108 more
1675 2044 1856 2108 often
1881 2042 2043 2108 then
2089 2043 2193 2107 his
2234 2042 2479 2108 former
2528 2047 2822 2109 custome

337 2162 494 2207 was.
539 2142 810 2207 Besides
853 2142 1030 2207 forth
1074 2143 1160 2208 he
1202 2146 1351 2208 sent
1392 2142 1685 2208 abroade
1713 2143 2004 2208 certaine
2031 2144 2222 2207 other
2262 2142 2637 2225 preacherS,
2668 2162 2823 2208 men

335 2534 761 2599 fatiunculam
805 2534 894 2599 ad
933 2532 1107 2598 Rffim
1135 2534 1204 2599 in
1245 2531 1504 2599 Christo
1541 2533 1813 2599 Patrem
1856 2534 2239 2617 episcopum
2286 2533 2636 2612 Eliensem,
2674 2552 2826 2599 cum

336 2652 469 2716 quo
497 2633 690 2699 simul
719 2632 790 2697 in
821 2631 1266 2697 Universitate
1305 2631 1825 2715 Cantabrigiensi
1858 2632 1931 2696 in
1978 2631 2209 2697 litteris
2252 2633 2575 2698 enutritus
2612 2632 2828 2712 fuerit,

333 2731 693 2815 praemisit.
736 2731 864 2810 Qui
911 2730 1077 2797 liber
1125 2730 1252 2796 hoc
1301 2730 1491 2796 titulo
1529 2729 1885 2814 inscriptus
1931 2734 2074 2796 erat
2106 2753 2123 2795 ε
2169 2733 2615 2796 Aeser-tionum
2660 2732 2829 2816 rogis

335 2830 610 2915 Anqliae
659 2830 968 2903 adversus
1009 2828 1285 2893 Latiam-i
1332 2830 1759 2913 captivitatem
1816 2828 2277 2913 Babylonicum
2335 2825 2635 2913 defen-sic.
2685 2829 2825 2895 Sub

335 2930 514 3013 quod
555 2930 692 2995 fere
721 2930 986 3011 tempus
1035 2932 1101 2993 et
1144 2929 1351 2994 alium
1389 2928 1679 2995 libellum
1726 2928 2289 3011 elegantissimum
2322 2928 2407 2995 de
2456 2926 2825 2996 sacerdotio

337 3034 566 3095 contra
593 3029 956 3094 Lutherum
997 3027 1387 3112 composuit.

418 3136 536 3195 54.
577 3127 745 3195 Cum
775 3128 974 3211 igitur
1001 3135 1068 3193 et
1111 3127 1527 3193 imminentes
1570 3127 1989 3194 calamitates
2027 3128 2248 3193 animo
2291 3128 2706 3211 praevideret
2758 3132 2823 3193 et

331 3228 778 3310 praesentium
798 3246 1020 3303 rerum
1041 3231 1289 3292 statum
1310 3233 1622 3303 cerneret,
1630 3226 2076 3310 undequaque
2096 3226 2407 3293 excubias
2430 3228 2691 3309 agebat,
2705 3226 2830 3292 sed·

334 3328 424 3392 ibi
453 3327 740 3392 maxime
784 3345 866 3391 ex
918 3346 1052 3410 qua
1101 3331 1290 3409 parte
1330 3326 1612 3409 putabat
1651 3325 1879 3392 hostes
1922 3325 2078 3390 fidei
2120 3326 2486 3408 irrumpere
2528 3345 2725 3409 posse
2755 3325 2825 3391 in

335 3445 596 3508 gregem
625 3424 1066 3504 Dominicum,
1093 3445 1172 3491 ac
1192 3425 1607 3507 potissimum
1637 3428 1866 3489 contra
1891 3424 2303 3489 Lutheranos
2334 3426 2495 3490 istos
2517 3426 2727 3490 multo
2758 3428 2825 3491 et

333 3521 736 3605 frequentius
765 3527 830 3589 et
860 3523 1092 3589 fortius
1121 3540 1326 3605 quam
1355 3522 1521 3588 solet
1547 3524 1616 3587 in
1645 3522 2077 3605 popularibus
2112 3523 2248 3588 suis
2295 3523 2715 3589 concionibus
2754 3523 2823 3587 in

334 3621 475 3687 dies
497 3621 950 3687 invehebatur.
975 3621 1219 3687 Multos
1243 3624 1590 3708 praeterea
1611 3621 1775 3686 alios
1806 3620 2143 3704 operarios
2175 3622 2246 3686 in
2266 3622 2530 3687 vineam
2560 3622 2823 3688 Domini

333 3720 528 3798 misit,
559 3721 671 3804 qui
713 3721 1032 3803 populum
1073 3720 1508 3801 admonerent
1533 3724 1614 3786 ut
1645 3720 1775 3786 sibi
1806 3719 1895 3785 ab
1924 3719 2027 3785 his
2066 3721 2251 3787 novis
2282 3720 2454 3804 lupis
2495 3718 2822 3798 caverent,

333 3942 572 4060 -,⁸om¹.
593 3941 1739 4079 23-42disputacion2—‘assertions
1778 3943 1825 3997 1.

403 4028 516 4081 54.
589 4030 649 4080 to
709 4066 726 4081 .

397 4256 472 4322 (1)
518 4255 668 4310 Tout
705 4272 770 4309 ce
807 4272 860 4314 n.
892 4257 962 4311 53
983 4260 1066 4311 est
1093 4256 1148 4311 le
1192 4260 1413 4311 resume
1446 4256 1518 4310 de
1553 4255 1771 4325 l'epttre
1809 4255 2147 4310 dedicatoire
2188 4255 2259 4310 de
2300 4262 2385 4309 cet
2428 4271 2686 4325 ouvrage.
2722 4254 2821 4324 qui

333 4342 494 4409 pai-ut
517 4342 550 4392 a
573 4338 817 4408 Cologne
841 4355 911 4393 en
938 4339 1083 4404 1525,
1117 4339 1262 4393 mais
1281 4339 1378 4409 qui
1403 4338 1540 4393 etait
1561 4338 1686 4406 deja
1706 4354 1807 4393 sur
1838 4338 1892 4392 le
1924 4338 2122 4392 metier
2157 4338 2302 4393 deux
2338 4354 2439 4392 ans
2462 4344 2821 4407 auparavam,

331 4436 552 4475 comme
573 4420 613 4475 il
649 4426 732 4475 at
757 4422 840 4475 dit
875 4436 946 4476 en
968 4426 1082 4476 tete
1107 4422 1177 4475 de
1211 4422 1263 4475 la
1290 4420 1588 4475 dedicace:
1624 4423 2037 4475 Meter-ierunt
2073 4423 2185 4474 iam
2209 4424 2347 4475 anni
2378 4423 2506 4487 duo,
2536 4423 2821 4475 carissime

334 4506 512 4570 Pater,
547 4522 616 4559 ex
647 4520 752 4573 quo
791 4506 986 4559 bonam
1017 4506 1188 4559 huius
1225 4504 1397 4558 libello·
1425 4512 1648 4574 partem
1681 4506 1908 4571 Ζερεναε,
1951 4511 2013 4556 ut
2050 4506 2171 4557 eius
2210 4505 2355 4571 quod
2392 4505 2667 4573 reliquum
2700 4510 2821 4557 erat

321 4590 641 4656 perleyenda'
679 4604 876 4654 magno
899 4595 948 4641 te
971 4596 1156 4641 sancte
1189 4588 1514 4653 affirmabas
1546 4602 1831 4641 accensum
1861 4588 2037 4652 fuisse
2070 4586 2355 4640 desider-⁸⁶0.
2396 4586 2457 4640 V.
2482 4582 2710 4640 OEuvres
2750 4585 2819 4639 de

337 4669 542 4734 Fisher‚
582 4669 712 4723 edit.
747 4668 904 4733 citee,
942 4686 994 4738 p.
1037 4670 1150 4723 101.
1173 4696 1244 4709 -·
1279 4668 1356 4735 (Ξ)
1391 4668 1548 4723 Voici
1580 4668 1634 4723 le
1666 4668 1796 4722 titre
1835 4668 1905 4721 de
1949 4667 2231 4735 l'ouvrage
2272 4686 2289 4723 ε
2334 4668 2495 4723 Sacri
2526 4670 2821 4723 sacerdotii

331 4754 574 4817 defensio
607 4760 808 4806 contra
849 4750 1167 4806 lutherum.
1201 4750 1484 4815 Coloniae,
1525 4750 1674 4805 1525.
1709 4750 1903 4805 Fisher
1942 4755 2195 4805 constate
2218 4751 2357 4806 dans
2396 4752 2447 4806 le
2474 4752 2739 4821 prologue
2760 4750 2817 4805 la

331 4834 596 4889 diffusion
617 4833 812 4904 rapide
833 4839 892 4889 et
920 4833 977 4889 la
999 4850 1179 4905 vogno
1195 4834 1300 4889 des
1320 4832 1488 4889 livroe
1509 4834 1580 4888 de
1610 4833 2022 4904 l'heresiarque.
