3425 5584
1163 445 1483 502 rrrscorr
1529 444 1901 501 sumu.
2574 461 2589 471 -
2654 426 2793 501 115

302 638 666 710 Ἰουλιανοῢ.
705 640 890 719 Ἤτις
924 641 1109 710 αὐτὸν
1135 636 1438 734 δεξαμένη
1463 640 1568 710 καὶ
1591 641 1711 709 ’ἐπὶ
1748 641 1951 710 ἱκανὸν
1977 639 2367 734 δοαίμάσασα
2396 642 2649 737 χρόνον,
2688 642 2792 710 καὶ

301 756 558 850 δόκιμον
591 758 695 824 καὶ
729 758 1007 851 ἐνάρετον
1043 756 1330 851 εὑροῦσα,
1376 755 1698 839 διοικητὴν
1732 758 1842 826 τοῦ
1895 758 2085 825 αὐτοῦ
2108 758 2450 839 κατέστησε
2482 783 2790 849 μοναστη-

301 874 464 966 ρίου.
497 873 703 955 Αὐτῆς
737 872 803 940 δὶ
853 875 973 941 ἀπὸ
1027 870 1448 955 Παλαιστίνης
1501 875 1605 941 ἐπὶ
1655 874 1771 954 τὴν
1815 874 2228 969 ίνεγκαμίνην
2276 872 2380 941 διὰ
2410 876 2629 969 χρείαν
2676 878 2790 957 τῆς

301 988 812 1082 οίκοδομηθείσης
837 985 1166 1071 ἐκκλησίας
1202 987 1647 1082 ἐκδημησάσης
1679 990 1785 1057 καὶ
1828 994 1892 1059 ἐν
1921 995 2000 1089 τῇ
2028 987 2278 1082 πατρίδι
2300 986 2783 1072 τελευτησάσης,

231 1126 262 1174 ι
301 1108 334 1172 ὁ
369 1106 768 1200 πανεύφημος
803 1106 978 1183 οὗτος
1024 1104 1320 1201 Θεόγνιος
1371 1106 1475 1174 ἐπὶ
1524 1106 1642 1187 τὴν
1686 1108 1800 1187 τῆς
1850 1106 2043 1187 αὐτῆς
2076 1102 2407 1187 ἐκκλησίας
2452 1107 2789 1200 ἡγεμονίαν

299 1218 630 1313 ἑλκόμενος
680 1221 800 1289 ὑπὸ
851 1222 1098 1290 πάντων
1142 1222 1269 1289 τῶν
1302 1223 1418 1303 τῆς
1469 1219 1781 1305 συνοδίας,
1824 1222 1928 1289 καί
1976 1222 2083 1289 τὸν
2114 1224 2230 1302 τῆς
2263 1224 2465 1317 ἀρχῆς
2514 1220 2789 1289 κίνδυνον

297 1336 692 1432 ὑφορώμενος
726 1335 945 1433 ἔφυγεν
981 1342 1068 1414 είς
1101 1338 1219 1418 τὴν
1254 1335 1511 1432 ἔρημον,
1550 1337 1656 1404 καὶ
1703 1336 1954 1433 ἔρχεται
2002 1338 2158 1431 πρὸς
2204 1338 2313 1405 τὸν
2345 1338 2789 1430 τρισμακάριον

295 1452 510 1543 ἀββὲἱν
545 1452 894 1525 Θεοδόσιον.
933 1454 1051 1521 Καὶ
1080 1455 1291 1546 μείνας
1320 1453 1464 1547 παρ’
1491 1454 1659 1544 αὐτῷ
1689 1454 1895 1522 ἰκανὸν
1932 1454 2186 1548 χρόνον,
2233 1438 2339 1520 καί
2370 1458 2450 1550 τῇ
2490 1456 2602 1520 τοῦ
2645 1453 2787 1543 βίου

293 1568 694 1663 λαμπρότητι
749 1574 956 1637 πᾶσαν
1013 1572 1129 1651 τὴν
1190 1568 1476 1637 συνοδίαν
1541 1569 2015 1666 φωταγωγησας
2061 1569 2164 1637 καὶ
2220 1571 2353 1647 τοῖς
2422 1572 2785 1664 μοναχικοῖς

191 1710 258 1760 ⁴0
294 1682 829 1778 πλεονεκτήμασιν
889 1684 1138 1780 ἄριστος
1188 1686 1424 1781 φανεὶς,
1481 1684 1644 1754 ὥστε
1685 1688 1922 1763 πάντας
1979 1685 2124 1763 τοὺς
2176 1687 2444 1779 δρῶντας
2501 1688 2579 1751 τὰ
2625 1683 2785 1752 καλὰ

295 1804 484 1869 αὐτοῦ
519 1800 670 1897 ἔργα
704 1796 976 1882 δοξάζειν
1000 1804 1106 1870 τὸν
1131 1802 1368 1895 πατίρα
1389 1802 1497 1869 τὸν
1529 1806 1592 1871 ἐν
1625 1804 1759 1879 τοῖς
1793 1802 2071 1895 οὐρανοῖς
2090 1820 2111 1840 ·
2148 1796 2481 1897 ἐπῃνεῖτο·
2515 1802 2629 1891 μὲν
2663 1802 2781 1869 ὑπὸ

291 1920 546 1983 πάντων
577 1918 684 1984 καὶ
727 1914 1102 2011 ἐθαυμάζετο
1145 1918 1249 1986 ἐπί
1301 1942 1372 1985 τε
1418 1918 1728 2009 ἀμέμπτῳ
1782 1913 2066 2003 πολιτείᾳ
2110 1916 2214 1984 καὶ
2277 1917 2418 2006 βίου
2464 1916 2774 2011 ἁγιότητι,

295 2034 481 2110 αὐτὸς
529 2031 596 2101 δὲ
644 2034 760 2113 τὴν
819 2038 887 2101 ἐκ
941 2034 1065 2101 τῶν
1127 2034 1394 2102 ἐπαίνων
1443 2033 1548 2100 καὶ
1604 2036 1722 2113 τῆς
1775 2031 2159 2125 ἀνθρωπίνης
2217 2026 2396 2113 δόξης
2446 2034 2782 2127 πεφυκυῖαν

293 2146 646 2243 ἐγγίνεσθαι
680 2153 762 2244 τῇ
797 2150 972 2245 ψυχῇ
1005 2145 1254 2238 βλάβην
1290 2149 1709 2243 ὑφορώμενος,
1745 2149 1876 2239 ἀμα
1902 2146 1967 2214 δὲ
2000 2147 2104 2215 καὶ
2141 2144 2392 2237 βλέπων
2422 2149 2538 2228 τὴν
2586 2149 2781 2239 μονὴν

196 2289 262 2339 η
297 2269 376 2361 τῇ
412 2266 523 2332 τοῦ
558 2264 718 2333 Θεοῦ
754 2267 1043 2358 συνεργίᾳ
1068 2268 1223 2332 κατὰ
1261 2266 1449 2358 μέρος
1482 2260 1953 2355 πληθυνομένην
1986 2263 2089 2331 καί
2120 2260 2637 2355 πλουτιζομὲνην,
2678 2266 2782 2332 καὶ

293 2383 410 2460 τὴν
445 2384 513 2449 ἐκ
545 2382 655 2448 τοῦ
688 2383 1124 2474 περισπασμοῦ
1160 2382 1567 2477 ἐγγινομένην
1593 2379 1903 2475 σύγχυσιν
1938 2378 2151 2457 δεδιὼς
2168 2374 2235 2465 ⁰,
2275 2379 2668 2474 ἀνεχώρησεν
2694 2383 2780 2457 είς
2923 2383 3133 2517 ⁸¹:822ss

2901 1858 3161 1917 ἐπαινοῖτο

287 2678 358 2741 et
380 2674 648 2758 aliquod
673 2678 938 2759 tempus
957 2674 1328 2758 probasset,
1341 2672 1738 2757 prudentem
1760 2676 1828 2739 et
1838 2672 2079 2739 virtute
2099 2674 2476 2758 praeditum
2489 2676 2781 2755 experta,

286 2792 725 2841 oeconomum
763 2774 1098 2840 constituit
1126 2774 1314 2840 istius
1342 2772 1751 2840 monasterii.
1783 2772 1918 2838 Sed
1944 2790 2096 2839 cum
2123 2773 2269 2856 ipsa
2296 2791 2380 2838 ex
2404 2771 2784 2837 Palaestina

287 2872 357 2937 in
383 2890 578 2937 suam
601 2873 936 2954 regionem
964 2876 1238 2956 propter
1265 2872 1729 2938 necessitatem
1760 2870 2144 2937 aedificatae
2170 2871 2483 2936 ecclesiae
2509 2871 2783 2952 migras-

287 2975 391 3037 set
433 2976 502 3037 et
543 2972 612 3036 in
653 2972 870 3055 patria
911 2991 1034 3039 sua
1081 2975 1344 3037 mortua
1385 2975 1563 3038 esset
1605 2971 1721 3055 (1),
1761 2970 2053 3036 inlustris
2099 2970 2225 3036 iste
2263 2969 2641 3052 Theognius
2694 2969 2780 3034 ad

289 3070 574 3136 eandem
604 3072 944 3137 ecclesiam
973 3071 1335 3154 regendam
1375 3071 1754 3154 compulsus
1781 3068 1871 3136 ab
1906 3070 2085 3135 omni
2114 3073 2305 3136 coetu
2336 3070 2633 3147 fratrum,
2661 3067 2781 3133 sed

287 3170 656 3254 periculum
683 3174 984 3236 metuens
1012 3171 1420 3254 principatus
1456 3170 1622 3254 fugit
1648 3171 1718 3235 in
1742 3188 2059 3247 eremum,
2082 3173 2148 3234 et
2174 3189 2249 3235 se
2270 3168 2543 3235 contulit
2564 3168 2652 3233 ad
2679 3173 2781 3233 ter

285 3270 564 3335 beatum
593 3269 905 3335 abbatem
941 3268 1389 3335 Theodosium
1426 3270 1542 3354 (2).
1583 3269 1783 3353 Apud
1812 3288 2011 3353 quem
2042 3288 2193 3333 cum
2220 3268 2490 3351 aliquod
2516 3270 2780 3349 tempus

285 3368 643 3435 mansisset
697 3373 764 3435 et
814 3370 989 3435 vitae
1039 3369 1390 3453 splendore
1441 3372 1654 3435 totam
1705 3368 2274 3451 congregationem
2331 3365 2781 3441 illuminasset,

285 3469 536 3552 quippe
577 3468 688 3551 qui
719 3469 1097 3535 monasticis
1149 3468 1419 3535 dotibus
1473 3468 1765 3551 optimus
1793 3468 2181 3550 apparebat,
2210 3468 2304 3532 ita
2332 3471 2406 3531 ut
2432 3486 2643 3529 ornnes
2670 3468 2781 3549 qui

283 3566 570 3632 viderent
599 3567 738 3652 ejus
765 3566 930 3633 bona
959 3588 1149 3651 opera
1177 3566 1614 3653 ylorificaraent
1647 3566 1910 3631 Patrem
1952 3567 2065 3651 qui
2102 3567 2177 3631 in
2202 3566 2395 3631 caelis
2416 3566 2526 3649 (3),
2547 3563 2780 3629 lauda-

283 3668 484 3755 batur
521 3666 608 3733 ab
638 3667 941 3732 omnibus
988 3686 1143 3733 eum
1183 3666 1586 3732 mirantibus
1614 3668 1887 3749 propter
1907 3665 2309 3749 inculpatam
2338 3662 2779 3731 conversatio-

281 3785 441 3831 nem
491 3769 561 3832 et
612 3767 788 3831 vitae
845 3766 1288 3832 sanctitatem.
1339 3764 1488 3848 lpse
1542 3785 1700 3831 vero
1761 3764 1922 3832 illud
1976 3764 2159 3847 quod
2212 3784 2296 3829 ex
2349 3762 2656 3829 laudibus
2712 3765 2779 3827 et

281 3866 581 3931 humana
646 3866 853 3948 gloria
901 3868 1134 3931 natum
1197 3868 1300 3930 est
1355 3865 1704 3949 provenire
1762 3864 2024 3930 animae
2080 3863 2401 3929 damnum
2454 3866 2779 3939 metuens,

281 3965 611 4049 simulque
625 3965 853 4031 videns
875 3965 1372 4044 monasterium,
1389 3964 1528 4030 Deo
1551 3962 1981 4042 allaborante,
2002 3963 2248 4029 sensim
2274 3962 2779 4045 multiplicatum

283 4068 350 4128 et
379 4064 706 4130 ditescens
749 4064 861 4148 (4),
904 4083 1028 4130 nec
1070 4083 1206 4130 non
1249 4083 1332 4129 ex
1388 4064 1811 4129 distractione
1853 4062 2349 4146 provenientem
2391 4061 2777 4127 effusionem

281 4164 544 4243 timenS‚
571 4166 841 4231 recessit
869 4164 939 4230 in
981 4164 1126 4229 loca
1155 4164 1406 4229 circum
1433 4164 1656 4245 ipsum
1687 4162 2163 4229 monasterium
2190 4162 2321 4227 sita
2346 4165 2418 4229 et
2440 4162 2777 4227 inventam

279 4413 462 4484 magis
477 4412 646 4481 quod,
667 4414 808 4467 teste
833 4410 1097 4483 Gregorio
1119 4412 1430 4468 ‘turonensi
1470 4414 1620 4479 (Act.
1643 4412 1742 4467 SS.
1762 4411 1942 4479 Febr„
1958 4413 2097 4465 tom.
2117 4409 2187 4475 11,
2210 4425 2267 4479 p.
2285 4409 2397 4475 184,
2413 4424 2469 4463 n.
2488 4408 2593 4474 40),
2612 4408 2779 4476 huju·

279 4495 458 4552 sancti
481 4496 634 4549 fama
657 4500 714 4549 et
735 4492 998 4565 reliquiae
1022 4495 1233 4564 perlata
1253 4500 1386 4549 sunt
1409 4494 1468 4548 in
1493 4494 1793 4553 orientales
1810 4508 1990 4562 usque
2010 4492 2297 4562 plagas.—
2312 4491 2390 4560 (1)
2408 4490 2559 4545 Haec
2575 4490 2775 4545 iterum

281 4576 571 4632 insinuant
607 4575 1002 4635 unde.venerit
1026 4575 1134 4630 ista
1172 4575 1364 4631 Flavia
1398 4575 1456 4630 in
1486 4574 1878 4641 Palaestinam,
1902 4589 2063 4644 quae,
2100 4576 2167 4629 ut
2205 4572 2339 4629 olim
2378 4571 2607 4627 Fabiola
2645 4571 2776 4641 (Cir.

279 4660 332 4715 S.
373 4658 699 4728 Hieronym.
739 4674 822 4728 ep.
857 4657 938 4726 64,
963 4658 996 4727 θ
1017 4659 1069 4725 8,
1094 4660 1156 4713 P.
1179 4658 1264 4725 L„
1289 4662 1428 4713 tom.
1461 4658 1650 4722 XXII),
1683 4657 1745 4713 in
1790 4656 2025 4727 patriam
2064 4671 2289 4711 reversa
2326 4658 2431 4710 est.
2466 4684 2532 4695 —-
2560 4655 2637 4722 (2)
2667 4653 2775 4709 Cfr.

279 4742 426 4798 dicta
450 4743 524 4798 ad
543 4746 732 4796 notam
763 4743 806 4808 1,
829 4757 984 4796 num.
1004 4742 1054 4796 7.
1075 4769 1136 4780 —-
1162 4740 1239 4809 (3)
1258 4740 1471 4806 Mutila..
1487 4740 1552 4795 V.
1577 4741 1657 4796 16.
1681 4772 1747 4782 —
1771 4740 1847 4809 (4)
1868 4738 2127 4809 Legimus
2148 4737 2209 4793 in
2233 4738 2355 4793 vita
2374 4736 2555 4797 sancti
2577 4736 2776 4803 Sabae,

279 4842 432 4881 num.
459 4824 598 4893 Lvl,
618 4824 1026 4880 monachorum
1043 4823 1222 4880 saneti
1245 4823 1549 4880 Theodosii
1577 4838 1885 4879 numerum
1910 4822 1980 4878 ad
2004 4820 2439 4892 quadringentos
2460 4819 2771 4883 excrevisse
