3425 5584
670 417 819 492 430
1860 431 1979 484 vm

637 630 886 706 rediit
917 628 1271 703 Sidonius
1303 631 1528 719 atque
1553 623 1702 700 illic
1729 626 1913 699 dum
1932 643 2107 698 cum
2134 621 2393 698 ceteris
2424 623 2781 698 tratribus
2807 623 3165 718 plurimis

671 745 932 820 diebus
991 745 1070 818 in
1131 746 1396 818 sancta
1451 739 1807 834 religione
1862 743 2356 833 permaneret,
2423 761 2559 812 rex
2618 739 3161 830 Theodoricus

673 861 874 935 filius
931 857 1328 934 Clodovaei
1377 855 1572 950 regis
1605 877 1696 930 ac
1729 860 2035 930 sanctae
2080 853 2446 928 Bathildis
2488 853 2809 947 reginae,
2846 862 3165 948 rogatus

673 997 722 1048 a
747 979 1007 1049 sancto
1052 974 1079 1013 ⁸
1105 971 1447 1066 praesule
1481 985 1512 1022 ⁰
1545 969 1915 1043 Audoeno
1940 969 2216 1058 locum,
2244 967 2373 1059 qui
2409 987 2617 1042 nunc
2648 989 2781 1060 per
2812 975 3161 1062 metony-

673 1089 906 1163 miam
940 1087 1038 1161 ad
1069 1093 1388 1160 sanctum
1424 1083 1805 1158 Sidonium
1836 1081 2129 1167 dicitur,
2155 1083 2269 1156 ad
2312 1082 2761 1156 coenobium
2794 1082 3087 1157 ibidem
3130 1101 3168 1150 ι»
3194 1109 3223 1155 a

673 1203 1170 1278 extruendum
1211 1200 1240 1241 ⁸
1291 1199 1396 1274 illi
1455 1197 1774 1274 contulit
1832 1199 1931 1273 ob
1982 1196 2180 1272 vitae
2238 1196 2588 1271 meritum
2638 1204 2713 1272 et
2746 1197 3165 1292 sapientiae

673 1316 1112 1406 doctrinam,
1149 1337 1380 1408 quam
1416 1314 1496 1388 in
1532 1315 1797 1389 eodem
1838 1315 1869 1354 ⁴
1896 1336 1944 1388 a
1976 1312 2236 1387 multis
2270 1313 2629 1406 probatae
2662 1313 3055 1406 religionis
3082 1335 3169 1388 ac

673 1432 1094 1508 sanctitatis
1127 1429 1488 1505 audierat.
1527 1429 1709 1504 Erat
1741 1427 1945 1503 enim
1977 1428 2248 1520 pietate
2282 1427 2629 1520 repletus,
2667 1427 2746 1502 in
2782 1429 3165 1521 praedica·

674 1549 876 1623 tione
899 1551 1229 1641 paratus,
1241 1547 1322 1620 in
1341 1544 1719 1620 intellectu
1746 1543 2189 1638 profundus,
2202 1541 2496 1635 eloquio
2516 1542 3167 1636 amabilis,discre-

673 1671 798 1739 tus
831 1663 912 1737 in
939 1661 1264 1757 JejuniiS,
1279 1683 1412 1754 per
1444 1658 1702 1735 omnia
1735 1657 2150 1752 hospitaliS,
2170 1664 2470 1752 egentes
2504 1659 2753 1732 alebat
2782 1659 3167 1754 nudisque
3197 1683 3249 1731 «ο

674 1778 1121 1853 vestimenta
1180 1776 1606 1870 praebebat,
1641 1781 1715 1848 et
1762 1774 2079 1849 mortuis
2114 1774 2577 1867 sepulturam
2618 1773 2985 1850 sollicitus
3038 1778 3163 1850 ad-

675 1894 1002 1968 hibebat.
1039 1892 1228 1966 Cum
1256 1913 1432 1984 ergo
1457 1891 1579 1964 his
1605 1895 1678 1964 et
1704 1889 1982 1963 talibus
2015 1889 2095 1963 in
2128 1889 2503 1983 praedicto
2535 1891 2699 1964 loco
2723 1890 2837 1963 vir
2854 1891 3166 1964 Domini

675 2008 1028 2082 Sidonius
1079 2010 1434 2081 cresceret
1467 2005 1546 2078 in
1581 2003 2004 2095 virtutibus,
2041 2009 2117 2078 et
2159 2003 2517 2078 bonitatis
2564 2005 2800 2099 ipsius
2860 2029 3163 2080 necnon

675 2122 1056 2217 religionis
1089 2122 1295 2196 fama
1327 2122 1548 2213 longe
1583 2121 1879 2213 lateque
1912 2120 2329 2213 pervolaret
2360 2135 2415 2210 ει,
2454 2119 2672 2194 multi
2712 2119 3038 2195 divitum
3070 2123 3163 2196 ad

677 2260 852 2313 eum
879 2237 1420 2314 conveniebant
1447 2241 1832 2329 portantes
1858 2234 2021 2309 auri
2047 2241 2121 2310 et
2146 2235 2433 2328 argenti
2458 2237 2790 2329 pondera
2824 2237 3159 2331 copiosa,
3196 2268 3247 2315 ιε

679 2354 1162 2428 observantes
1223 2357 1306 2425 ut
1367 2373 1456 2426 ea
1515 2350 1674 2424 suis
1734 2351 1965 2424 sacris
2024 2349 2375 2424 manibus
2407 2350 2821 2444 largiretur,
2877 2373 3161 2445 eosque

679 2469 1144 2543 orationibus
1178 2467 1336 2542 suis
1371 2466 1692 2540 Domino
1734 2465 2011 2559 pariter
2041 2466 2617 2540 commendaret.

733 2579 737 2584 ’
775 2584 864 2660 V.
899 2585 1190 2658 Interea
1221 2599 1257 2635 ⁷·
1290 2583 1606 2657 devotus
1639 2582 1947 2675 quidam
1982 2583 2315 2656 famulus
2349 2581 2481 2656 Dei
2507 2582 2920 2657 Leufredus
2962 2606 3051 2658 se
3082 2583 3159 2658 in

677 2701 1006 2792 quodam
1067 2721 1291 2792 specu
1323 2715 1352 2751 ³
1397 2697 1725 2780 retrusit,
1768 2697 1899 2770 ubi
1944 2697 2062 2772 die
2108 2699 2131 2737 ¹
2166 2705 2540 2790 noctuque
2574 2698 3055 2774 orationibus
3090 2706 3159 2775 et

676 2814 944 2908 vigiliis
1024 2814 1360 2888 intentus
1439 2815 1642 2887 fonte
1718 2813 2199 2887 lacrimarum
2284 2835 2417 2887 ora
2483 2815 2821 2888 suffusus
2896 2815 3160 2908 pietati
3194 2844 3245 2892 20

677 2929 1208 3023 omnipotentis
1235 2929 1590 3022 seipsum
1618 2928 2215 3018 commendabat,
2232 2934 2316 3002 ut
2342 2928 2831 3004 intentionem
2859 2936 2936 3005 et
2960 2953 3161 3024 opus

675 3067 900 3120 suum
937 3066 1176 3137 usque
1210 3046 1288 3118 in
1325 3044 1554 3118 finem
1581 3043 1886 3119 feliciter
1920 3043 2283 3148 dirigeret.
2318 3043 2637 3118 Evoluto
2676 3051 2931 3120 autem
2968 3053 3161 3121 tem-

675 3182 877 3255 pore,
924 3159 1258 3252 angelica
1311 3160 1338 3200 ⁸
1407 3158 1761 3233 revelatio
1828 3180 2001 3232 eum
2082 3159 2554 3252 praemonuit
2622 3165 2707 3235 ut
2776 3161 3157 3237 famulum

675 3275 954 3349 Christi
987 3274 1791 3367 Sidonium·inquirere
1826 3275 2178 3366 studeret,
2208 3281 2294 3348 ut
2326 3275 2355 3314 ³
2392 3297 2479 3348 ea
2516 3297 2711 3368 quae
2746 3277 2891 3350 sibi
2932 3279 3035 3351 ab
3072 3299 3161 3353 eo

676 3392 1039 3484 imperata
1098 3390 1417 3464 fuissent
1477 3391 1739 3464 devote
1799 3389 2157 3482 impleret.
2210 3389 2488 3463 Audita
2546 3390 2801 3484 itaque
2860 3392 3079 3468 fama
3135 3395 3163 3432 ⁴
3192 3428 3247 3476 25

675 3505 978 3595 Sidonii,
1007 3505 1119 3578 vir
1153 3505 1283 3579 Dei
1309 3505 1719 3579 Leufredus
1753 3503 2441 3598 Rothomagensem
2478 3507 2739 3579 urbem
2762 3513 2783 3558 t
2808 3508 3159 3599 protinus

675 3621 996 3711 advenit,
1035 3619 1162 3693 ubi
1197 3620 1615 3712 praedictus
1642 3620 1873 3693 homo
1900 3618 2031 3694 Dei
2065 3619 2437 3712 Sidonius,
2474 3620 2831 3695 Hibernia
2856 3623 3157 3698 Britan-

673 3735 842 3809 niae
867 3752 906 3786 *ὅ
935 3735 1184 3809 insula
1202 3741 1431 3828 ortuS,
1452 3733 1814 3808 virtutum
1832 3735 2223 3828 splendore
2237 3735 2681 3810 venerabilis
2706 3737 3155 3814 habebatur.

671 3851 1077 3944 Postquam
1125 3857 1377 3924 autem
1428 3849 1542 3923 vir
1575 3850 1707 3924 Dei
1750 3851 2161 3925 Leufredus
2204 3873 2379 3925 vera
2426 3873 2586 3925 esse
2634 3855 3161 3947 comprobavit

672 3986 866 4059 quae
906 3965 998 4039 de
1048 3963 1175 4038 illo
1211 3965 1414 4039 fama
1464 3965 1560 4039 ad
1611 3984 1787 4039 eum
1820 3965 2207 4057 detulerat,
2250 3966 2538 4040 homini
2588 3967 2717 4042 Dei
2754 3969 3041 4044 arctius
3076 3993 3157 4044 se
3188 4004 3241 4054 ³0

673 4079 1060 4174 conjunxit
1109 4085 1184 4152 et
1237 4101 1367 4173 per
1405 4079 1741 4153 ordinem
1788 4102 2150 4154 arcanum
2184 4081 2589 4154 voluntatis
2632 4103 2816 4156 suae
2869 4083 2898 4124 ⁶
2946 4090 3153 4177 pate·

671 4194 861 4287 fecit,
916 4193 1244 4287 satisque
1289 4195 1318 4233 ⁰
1353 4195 1446 4267 ab
1482 4216 1570 4268 eo
1605 4193 1682 4268 in
1720 4197 2147 4288 regularum
2191 4197 2217 4234 ‘⁸
2257 4195 2546 4270 tramite
2598 4218 2685 4271 ac
2728 4201 3155 4275 monastica

673 4309 1236 4384 conversatione
1295 4310 1621 4400 edoctus,
1657 4309 1926 4384 habitu
1986 4310 2313 4404 corporis
2372 4311 2818 4387 immutatus
2869 4314 3155 4409 accepit

673 4425 972 4518 signum
1010 4423 1292 4518 capitis,
1330 4446 1481 4517 quo
1514 4423 1787 4499 milites
1822 4423 2097 4500 Christi
2150 4448 2197 4500 a
2227 4427 2568 4520 populari
2624 4433 2840 4502 coetu
2880 4429 3155 4505 discer-

671 4655 736 4667 -
759 4627 784 4662 ²
800 4627 985 4682 beato.
1001 4656 1067 4666 —
1100 4628 1127 4662 ⁸
1148 4628 1598 4710 construendum.
1637 4661 1688 4670 —
1709 4629 1736 4663 ⁴
1754 4645 1875 4684 esse
1899 4632 2025 4684 add.

733 4708 794 4764 V.
819 4737 882 4749 —-
908 4710 929 4745 ¹
953 4709 1065 4765 diu.
1087 4739 1156 4748 —
1177 4711 1200 4744 ²
1233 4709 1565 4779 evangelica.
1589 4741 1656 4751 —
1677 4711 1704 4745 ⁸
1726 4716 1798 4766 et.
1827 4738 1893 4752 -
1928 4713 1953 4747 ⁴
1977 4712 2121 4766 beati
2146 4714 2271 4767 add.
2296 4743 2357 4752 —
2395 4713 2419 4748 ⁸
2448 4714 2553 4769 vol.
2587 4729 2721 4768 suae
2757 4731 2867 4769 arc.
2894 4743 2959 4756 —
2985 4716 3011 4753 ⁸
3046 4723 3131 4772 sta

668 4791 899 4861 timque.
919 4819 988 4830 —
1013 4789 1036 4826 '¹
1058 4790 1312 4860 regulari.
