3425 5584
255 2072 502 2139 θέλοντας

618 486 757 560 108
1509 500 1696 553 scu
1746 500 1807 552 s.
1862 496 2199 552 mooun

611 700 791 767 πέντε
816 698 1070 792 χάσμας
1096 691 1539 779 ἀπολύσαντες,
1579 692 1684 759 καὶ
1738 688 1901 787 ἦχον
1936 692 2003 757 ἐκ
2050 690 2357 781 στόματος
2402 686 2670 781 καθάπερ
2714 690 2783 755 αἱ
2818 683 3093 780 κάμηλοι

612 814 766 906 ὁμοῦ
803 811 1336 901 συνεκπόμψαντες
1369 809 1498 885 τοῖς
1523 832 1591 875 τε
1641 806 1888 883 οίκείοις
1940 800 2105 883 ὄνυξι
2148 805 2255 872 τὸν
2296 803 2571 899 πώγωνα
2608 798 2887 883 ξίσαντες
2920 801 3091 892 ὕπνῳ

615 928 798 1018 βαθεῖ’
814 928 916 993 καὶ
941 927 1170 1021 γείτονι
1205 923 1463 991 Θανάτου
1500 921 1751 999 ἑαυτοὺς
1786 922 2303 1015 παραπέμπομεν,
2361 922 2437 986 τὰ
2488 915 2619 987 ὦτα
2666 922 2783 1000 τῆς
2842 912 3094 1011 καρδίας

615 1041 906 1139 ἀσφαλῶς
935 1041 1230 1132 βύσαντες
1259 1039 1349 1132 μή
1381 1064 1502 1106 που
1550 1041 1723 1131 ῥῆμα
1750 1032 2119 1131 ψυχωτελὲς
2154 1031 2441 1103 διαλαθὸν
2468 1039 2555 1114 είς
2580 1037 2650 1103 τὸ
2675 1038 2793 1116 τῆς
2820 1033 3090 1112 διανοίας

614 1164 890 1252 ταμιεῖον
921 1154 1321 1253 παρεισέλθῃ.
1363 1154 1849 1246 Παιδεύει,ὴμᾶς
1877 1152 1979 1219 διὰ
2011 1154 2134 1219 τῶν
2161 1153 2491 1246 ἐπιφορῶν,
2526 1152 2631 1219 καὶ
2656 1151 2985 1247 γινώσκειν
3018 1152 3091 1219 οὖ
3126 1170 3159 1218 ο

563 1289 568 1293 ’
617 1271 872 1366 θέλομεν
897 1295 916 1313 ·
958 1272 1291 1365 βαρβάρων
1324 1268 1390 1337 δε
1426 1268 1756 1361 ἐπιδρομαὶ
1788 1270 1945 1333 κατὰ
1980 1268 2205 1344 τόπους
2247 1268 2570 1360 γινόμεναι
2615 1263 3091 1362 ἀπηγγείλησαν

617 1393 808 1482 ἡμῖν,
837 1389 939 1456 καὶ
971 1390 1156 1479 ἡμεῖς
1190 1388 1432 1481 ἀγνοεῖν
1456 1381 1984 1478 προσποιούμεθα·
2012 1379 2327 1449 πλουσίων
2354 1384 2457 1449 καὶ
2482 1384 2829 1478 περιφανῶν
2856 1380 3092 1475 ἀνδρῶν

619 1506 720 1573 καὶ
753 1507 878 1572 τῶν
901 1508 1016 1585 τῆς
1057 1498 1237 1584 δοξῆς
1283 1504 1414 1579 τοῖς
1462 1498 1823 1591 βασιλεῦσιν
1866 1496 2273 1589 ἐξισουμόνων
2322 1498 2546 1593 σχεδὸν
2596 1495 2941 1591 μεταβολαὶ
2990 1498 3096 1565 καὶ

620 1618 1031 1713 καταστροφαὶ
1064 1618 1168 1683 καὶ
1211 1616 1552 1708 ἀναιρέσεις
1585 1614 1975 1709 γεγένηνται,
1998 1612 2246 1703 σεισμοὶ
2272 1612 2374 1679 καὶ
2402 1613 2806 1705 ἐμπυρισμοὶ,
2827 1611 3095 1703 ἀναβρα-

620 1736 770 1826 σμοὶ
805 1736 908 1801 καὶ
941 1731 1364 1810 καταπτώσεις
1403 1730 1708 1826 διαφόρων
1744 1725 2007 1801 πολέων.
2040 1729 2157 1794 Διὰ
2192 1730 2316 1821 τῶν
2350 1724 2542 1795 ταῦτα
2578 1726 2893 1795 παθόντων
2927 1731 3095 1819 ἡμᾶς
3137 1748 3196 1799 ιο

617 1851 760 1925 τοὺς
789 1850 1084 1941 ματαίους
1111 1844 1150 1882 ⁴
1177 1847 1338 1916 Θεοῦ
1371 1847 1643 1942 φοβῆσαι
1669 1841 1951 1922 Θέλοντος
1976 1841 2082 1923 ”,
2107 1844 2209 1910 καὶ
2246 1846 2427 1934 ἡμεῖς
2457 1841 2696 1936 μᾶλλον
2722 1844 2825 1911 καί
2853 1840 3095 1935 μᾶλλον

619 1962 882 2059 ἀφοβίαν
915 1964 1258 2038 νοσοῦντες,
1299 1958 1660 2053 ἀδιόρθωτοι
1695 1959 1977 2050 μένοντες
2011 1960 2125 2038 τὴν
2177 1959 2407 2025 ἑαυτῶν
2453 1958 2668 2029 κακίαν
2726 1952 3093 2049 ἐπαύξομεν.

622 2080 752 2163 Μὴ,
790 2074 1128 2172 παρακαλῶ
1161 2077 1266 2143 καὶ
1302 2075 1576 2160 ἱκετεύω,
1611 2076 1702 2166 μὴ
1738 2073 1992 2169 τοιαύτῃ
2028 2071 2309 2166 προθέσει
2344 2072 2835 2165 ἐναποθάνωμεν,
2885 2074 2975 2165 μὴ
3010 2080 3090 2168 τῇ
3132 2146 3135 2149 ,

621 2195 919 2290 ἀχρήστῳ
957 2191 1269 2279 συνηθείᾳ,
1303 2192 1408 2259 καὶ
1456 2196 1535 2289 τῇ
1579 2190 1895 2285 χαυνώσει
1942 2190 2066 2256 τῶν
2114 2185 2440 2283 λογισμῶν
2474 2188 2589 2267 ἕως
2633 2187 2851 2266 τέλους
2879 2192 3098 2257 ἐναπο-

622 2313 954 2401 μείνωμεν,
1009 2305 1174 2374 ἀλλὰ
1218 2308 1372 2400 πρὸς
1417 2303 1759 2388 καλλίστην
1815 2306 1917 2371 καὶ
1970 2307 2227 2398 στερρὰν
2286 2306 2389 2372 καὶ
2435 2310 2523 2395 τῷ
2574 2301 2904 2372 καλέσαντι
2956 2304 3095 2394 Θεῷ
3136 2326 3201 2376 48

620 2427 993 2518 ἀρέσκουσαν
1025 2419 1344 2491 πολιτείαν
1377 2423 1483 2490 τὸν
1519 2422 1655 2512 βίον
1691 2420 2051 2512 μεταθῶμεν
2107 2421 2363 2499 ἑαυτῶν,
2424 2420 2520 2487 ἶνα
2572 2422 2691 2511 μὴ,
2726 2406 2957 2487 ’ἄλλων
3009 2412 3097 2498 είς

582 2542 874 2633 wopa-‘ov
910 2540 1338 2630 ἀνιπταμένων
1366 2534 1739 2633 ἀγγελικῶς,
1782 2538 1964 2627 ἡμεῖς
1992 2534 2269 2614 ἐλεεινῶς
2302 2526 2808 2628 καθελκυσθῶμεν
2851 2538 2940 2613 είς
2980 2537 3097 2616 τὴν

617 2655 893 2746 ἄβυσσον
921 2657 1030 2724 τοῦ
1062 2656 1280 2747 πυρός.

617 2933 982 3017 protulerit.
1019 2934 1256 3016 quater
1285 2930 1385 2995 vel
1413 2930 1763 3013 quinquies
1798 2930 2153 2995 oscitantes
2176 2932 2243 2993 et
2264 2928 2611 3012 strepitum
2642 2947 2722 2995 ex
2752 2947 2885 3006 ore,
2928 2928 3101 2994 sicut

617 3032 870 3110 cameli,
927 3030 1126 3097 simul
1191 3029 1566 3096 emittentes
1623 3030 1690 3093 et
1744 3028 2070 3110 unguibus
2126 3028 2405 3093 barbam
2455 3027 2824 3107 scabentes,
2862 3045 3099 3092 somno

617 3130 946 3213 profundo
987 3127 1381 3212 etproximo
1422 3128 1622 3193 morti
1651 3128 2089 3209 nosmetipsos
2110 3126 2452 3206 tradimus,
2490 3145 2683 3197 aures
2712 3126 2927 3192 cordis
2954 3130 3101 3192 arte

617 3229 1002 3295 obturantes
1043 3247 1128 3294 ne
1154 3227 1432 3293 verbum
1459 3226 1723 3292 animae
1768 3226 1927 3291 utile
1975 3226 2159 3309 quod
2185 3226 2415 3291 subest
2454 3225 2542 3290 ad
2564 3226 2803 3290 mentis
2831 3244 3102 3308 promp—

620 3329 903 3395 tuarium
933 3326 1292 3411 perveniat.
1323 3326 1532 3392 Docet
1557 3344 1680 3391 nos
1711 3325 1949 3411 [Deus]
1978 3344 2099 3408 per
2124 3344 2206 3391 ea
2232 3344 2406 3409 quae
2436 3325 2743 3391 accidunt
2766 3328 2834 3391 et
2860 3343 3100 3407 agnos-

619 3446 768 3493 cere
817 3427 1166 3493 nolumus:
1194 3424 1632 3491 barbarorum
1655 3423 1952 3490 incursus
1974 3443 2094 3507 per
2120 3423 2265 3489 loca
2292 3424 2847 3490 annuntiaverunt
2888 3424 3100 3503 nobis,

619 3526 736 3593 sed
779 3545 900 3591 nos
927 3526 1229 3607 ignorare
1257 3523 1596 3605 fingimus3
1628 3522 1903 3589 divitum
1950 3527 2018 3587 et
2046 3522 2415 3589 inlustrium
2442 3524 2753 3603 virorum,
2776 3525 2844 3589 et
2872 3540 3103 3589 eorum

620 3626 734 3709 qui
759 3624 968 3707 gloria
994 3643 1116 3689 sua
1143 3622 1406 3705 regibus
1435 3640 1646 3705 paene
1675 3640 1869 3705 pares
1900 3625 2091 3687 erant
2130 3622 2545 3702 mutationes,
2567 3623 2799 3687 ruinae
2820 3626 2889 3688 et
2906 3640 3102 3688 neces

619 3724 944 3801 accidunt,
973 3726 1190 3788 terrae
1231 3723 1453 3787 motus
1503 3724 1572 3787 et
1621 3720 1945 3799 incendia,
1982 3720 2357 3803 eruptiones
2399 3724 2469 3787 et
2516 3720 2767 3787 excidia
2808 3720 3102 3786 diversa-

619 3842 764 3889 rum
797 3822 1056 3889 urbium
1085 3822 1200 3902 (1).
1227 3820 1358 3886 Per
1405 3838 1520 3885 eos
1567 3820 1684 3903 qui
1709 3820 1878 3886 haec
1903 3821 2083 3903 passi
2123 3824 2277 3886 sunt
2317 3839 2443 3886 nos
2471 3820 2919 3904 imprudentes
2962 3819 3103 3886 Deo

620 3926 864 3989 terrere
905 3921 1186 3999 volente,
1213 3938 1336 3985 nos
1371 3920 1582 4013 magis
1633 3920 1974 4004 magisque
2010 3919 2265 3985 incuria
2292 3922 2725 4003 aegrotantes,
2770 3918 3104 4003 incorrigi-

621 4022 786 4087 biles
813 4022 1232 4087 remanentes
1273 4018 1611 4102 propriam
1657 4019 1978 4085 malitiam
2008 4018 2434 4102 adaugemus.
2464 4019 2582 4099 Ne,
2630 4019 2861 4085 hortor
2904 4023 3105 4104 atquc

619 4119 933 4199 obtestor,
982 4138 1067 4185 ne
1101 4120 1169 4185 in
1205 4117 1322 4183 tali
1349 4120 1528 4183 statu
1555 4119 1935 4197 moriamur,
1951 4136 2037 4183 ne
2064 4118 2132 4184 in
2160 4117 2367 4184 inutili
2388 4118 2781 4185 commercio
2808 4121 2877 4184 et
2894 4118 3107 4184 inani·

619 4224 757 4286 tate
785 4218 1253 4302 cogitationum
1280 4234 1496 4298 usque
1547 4216 1636 4282 ad
1676 4216 1880 4283 finem
1918 4236 2431 4300 perseveremus,
2462 4217 2579 4283 sed
2622 4218 2711 4284 ad
2760 4218 3102 4302 optimam,

621 4318 883 4385 firmam
919 4316 1102 4383 etad
1125 4316 1266 4381 Deo
1285 4314 1547 4381 vocanti
1565 4314 1950 4398 placentem
1978 4316 2561 4395 conversationem,
2597 4316 2805 4383 vitam
2832 4334 3105 4383 conver-

618 4418 839 4482 tamus
885 4418 1204 4495 nostram,
1225 4430 1332 4493 ne,
1375 4410 1520 4479 aliis
1547 4412 1618 4478 in
1646 4414 1901 4480 caelum
1930 4414 2343 4481 evolantibus
2374 4414 2687 4498 angelice,
2714 4433 2839 4481 nos
2866 4416 3103 4482 misere

619 4515 1046 4581 detrahamur
1073 4514 1144 4579 in
1169 4512 1484 4597 abyssum
1507 4510 1696 4596 ignis.
1993 4540 2003 4549 ·
3082 4514 3087 4517 ’

563 4676 570 4683 ’
683 4697 756 4762 (1)
775 4695 941 4750 Hisce
959 4694 1305 4765 temporibus
1327 4708 1521 4765 reapse
1542 4692 1784 4765 insignes
1806 4693 2151 4749 calamitates
2172 4692 2297 4749 orbi
2318 4692 2629 4751 inciderunt
2652 4694 2723 4751 ad
2745 4705 2885 4765 quas
2908 4694 3103 4752 alludit

615 4778 804 4834 forsan
839 4776 1040 4833 Paulus
1073 4776 1132 4831 in
1165 4776 1276 4832 hoc
1313 4776 1456 4833 loco.
1493 4776 1657 4832 Anno
1697 4775 1847 4831 enim
1884 4776 2001 4844 525,
2031 4776 2369 4852 Anazarbus,
2404 4775 2626 4833 Ciliciae
2650 4776 2993 4849 metropolis,
3030 4794 3103 4834 ex

613 4864 794 4917 terrae
825 4864 986 4915 motu
1013 4858 1234 4915 ruinam
1253 4874 1417 4929 passa
1449 4862 1552 4927 est,
1571 4858 1781 4914 Edessa
1795 4856 2267 4930 fluviorumaquis
2290 4862 2409 4915 tota
2440 4859 2640 4916 obruta
2658 4864 2775 4924 ests
2812 4874 2961 4918 anno
2998 4861 3105 4918 m
