3425 5584
689 456 837 530 402
1832 469 2081 545 Passio

694 666 982 733 medium
1031 662 1332 741 civitatis⁹
1371 665 1438 728 et
1485 659 1684 726 clavis
1732 658 1969 743 configi
2009 663 2307 726 sanctum
2353 659 2636 745 desuper
2666 661 2743 726 in
2776 679 3077 728 scamno.
3096 661 3175 728 Et

689 786 840 833 cum
891 765 1134 830 sactum
1191 763 1436 840 fuisset,
1501 760 1701 845 jussit
1761 759 2008 825 adferri
2064 760 2321 843 copiam
2375 759 2701 844 lignorum
2750 765 2815 828 et
2862 761 3171 828 nucleum

638 849 646 854 ’
687 865 1008 932 olivarum
1051 862 1333 928 multum
1381 861 1574 926 nimis
1617 863 1686 924 et
1735 859 1967 925 decem
2010 862 2079 923 et
2120 862 2268 924 octo
2310 878 2657 926 mensuras
2691 859 2822 926 olei
2858 864 2931 927 et
2957 862 3171 946 picem

687 963 968 1030 multum
997 962 1245 1046 imponi
1275 979 1473 1046 super
1497 960 1689 1042 ligna,
1709 962 1779 1024 et
1805 958 1900 1024 ita
1928 958 2413 1041 subposuerunt
2432 959 2648 1042 ignem
2677 979 2721 1025 a
2740 959 2947 1026 tribus
2968 960 3171 1043 parti-

683 1064 829 1130 bus,
3202 1075 3230 1123 ι

763 1169 881 1230 23.
917 1160 1323 1228 Calefactum
1365 1163 1588 1226 autem
1629 1157 1777 1240 pice
1806 1160 1873 1222 et
1912 1155 2077 1236 oleo,
2104 1156 2500 1222 decurrebat
2520 1156 2756 1223 fluvius
2785 1157 3013 1240 igneus
3046 1176 3169 1240 per

682 1262 1022 1329 circuitum
1063 1259 1390 1338 flammae,
1435 1258 1528 1325 ita
1573 1261 1648 1323 ut
1689 1254 2039 1322 multitudo
2082 1255 2419 1339 gentilium
2464 1257 2771 1340 perirent.
2813 1257 3167 1323 Voluntate

675 1367 898 1429 autem
922 1360 1042 1426 Dei
1063 1363 1296 1425 ventus
1319 1357 1504 1424 flavit
1525 1361 1590 1422 et
1618 1357 1895 1423 minavit
1922 1355 2263 1422 flammam
2292 1359 2520 1422 contra
2549 1346 2783 1422 domos
2806 1375 2979 1440 quae
3012 1375 3167 1439 pro-

677 1463 894 1546 ximae
927 1459 1179 1526 flebant
1199 1463 1266 1524 et
1287 1455 1623 1524 succendit
1649 1474 1785 1535 eae,
1810 1458 1877 1521 et
1898 1459 2171 1522 ruerunt
2198 1473 2329 1520 xxx
2351 1455 2587 1521 domus
2608 1456 2723 1541 (1).
2756 1455 3169 1539 Consumpta

676 1565 900 1629 autem
913 1560 1205 1637 flamma,
1218 1559 1397 1623 venit
1419 1555 1767 1622 multitudo
1789 1553 2125 1638 gentilium
2149 1559 2217 1620 et
2234 1554 2739 1621 christianorum
2752 1555 2975 1621 videre
2998 1575 3165 1621 mor·
3198 1571 3249 1619 ιο

675 1666 812 1727 tem
855 1658 1220 1726 beatissimi
1258 1656 1586 1741 martyriS‚
1624 1659 1700 1721 ut
1743 1659 2157 1721 mererentur
2176 1653 2699 1722 benedictionem
2742 1655 3171 1739 reliquiarum

677 1759 839 1844 ejus.
889 1760 1154 1826 Etcum
1195 1776 1425 1823 omnes
1453 1756 1706 1834 flerent,
1752 1753 2171 1820 beatissimus
2220 1753 2729 1837 Christophorus
2766 1756 3055 1821 surrexit
3102 1755 3167 1820 et

677 1878 876 1942 super
907 1875 1250 1924 scamnum
1285 1855 1486 1936 stetit,
1512 1855 1780 1921 dicens:
1809 1853 2098 1936 Fratres,
2122 1851 2336 1918 audite
2362 1873 2460 1918 me
2487 1873 2715 1918 omnes.
2742 1853 3045 1918 Videbam
3078 1873 3173 1917 me

675 1960 888 2043 ipsum
931 1960 1002 2022 in
1027 1957 1148 2022 hac
1175 1956 1336 2022 hora
1366 1963 1536 2020 stare
1563 1955 1636 2019 in
1663 1952 1943 2018 mediam
1971 1954 2301 2033 civitatem,
2329 1959 2385 2018 et
2412 1953 2546 2018 vidi
2572 1956 2783 2018 virum
2799 1953 3169 2038 pulchrum.

675 2061 982 2142 Aspeetus
1003 2057 1142 2140 ejus
1166 2055 1448 2140 fulyebat
1474 2061 1546 2119 ut
1566 2054 1680 2136 sol,
1701 2054 2069 2118 vestimenta
2096 2052 2239 2136 ejus
2264 2051 2597 2137 splendida
2617 2055 2779 2118 sicut
2799 2054 3037 2118 lumen.
3073 2051 3173 2117 De
3204 2066 3258 2114 ⁴5

677 2177 914 2224 corona
935 2165 1146 2221 autem
1167 2156 1301 2240 ejus
1328 2171 1638 2219 enarrare
1663 2173 1791 2218 non
1822 2151 2092 2235 sufficie.
2113 2151 2351 2216 Milites
2378 2160 2587 2218 autem
2598 2154 2801 2238 pauci
2819 2160 3005 2217 erant
3026 2173 3171 2217 cum

677 2277 764 2332 eo.
795 2255 884 2320 Et
925 2255 1060 2320 vidi
1096 2255 1302 2320 alium
1337 2255 1596 2339 niqrum
1636 2259 1692 2318 et
1735 2252 2125 2316 teterrimum
2153 2254 2451 2336 aspectui.
2504 2251 2745 2337 Capilli
2770 2253 3001 2338 capitis
3030 2253 3171 2337 ejus

678 2357 842 2421 sicut
863 2362 1086 2420 catena
1117 2352 1484 2419 contortilis.
1510 2352 1975 2417 Commiserunt
1996 2357 2207 2442 autem
2233 2350 2460 2416 bellum
2486 2359 2543 2416 et
2571 2352 2847 2418 invaluit
2872 2351 3171 2437 iqnobilis

681 2455 987 2520 adversus
1027 2451 1294 2518 nobilem
1343 2459 1398 2517 et
1441 2449 1848 2537 yloriabatur
1888 2451 1957 2514 in
2006 2469 2127 2515 sua
2176 2450 2574 2534 confidentia.
2608 2451 2927 2516 Memento
2954 2459 3169 2517 autem

675 2553 871 2618 horae
899 2559 1244 2636 transacto,
1269 2571 1599 2616 conve-rsus
1621 2551 1940 2636 yloriosus
1984 2551 2363 2640 apuqnavit
2398 2571 2539 2616 eum
2576 2557 2633 2616 et
2674 2553 2979 2616 exercitus
3024 2551 3165 2637 ejus
3194 2559 3251 2610 ιο

648 2638 654 2644 ’
677 2653 988 2736 interfecit
1009 2659 1064 2716 et
1091 2651 1471 2717 voluntatem
1493 2650 1632 2736 ejus
1654 2651 2111 2714 exterminavit.

759 2759 878 2818 24.
907 2751 1094 2818 Haec
1123 2750 1464 2817 audientes
1493 2749 1737 2834 populi,
1769 2749 2218 2816 clamaverunt
2246 2749 2575 2815 dicentes:
2636 2749 2814 2816 Unus
2841 2756 2929 2814 est
2966 2748 3167 2830 Deus,

675 2852 747 2916 in
777 2871 898 2937 quo
927 2850 1127 2915 eredit
1153 2855 1414 2915 sanetus
1449 2847 1962 2933 Christophorus.
2008 2845 2164 2912 Vere
2199 2867 2329 2912 non
2365 2847 2625 2932 frustra
2652 2848 2963 2914 laboravit
2974 2872 3007 2931 ,·
3050 2852 3167 2913 scit

675 2952 844 3016 enim
865 2949 955 3014 ad
984 2969 1168 3035 quem
1195 2948 1526 3034 confuqiit.
1549 2947 1636 3013 Et
1663 2968 1781 3012 nos
1802 2947 2137 3028 eredimus,
2151 2948 2263 3033 qui
2274 2947 2453 3031 potes
2472 2948 2725 3013 salvare
2751 2955 3079 3032 sperantes
3100 2951 3165 3012 in

677 3057 754 3132 te,
779 3049 1052 3113 Domine
1084 3047 1277 3112 Deus.
1310 3049 1392 3114 Et
1419 3047 1614 3114 simul
1653 3047 1881 3113 decem
1922 3046 2101 3112 milia
2143 3046 2562 3113 crediderunt
2605 3052 2672 3113 et
2712 3047 3167 3115 clamaverunt
3196 3063 3253 3111 ss

675 3146 1009 3213 dicentes:
1061 3147 1468 3231 Omnipotens
1511 3147 1708 3229 Deus,
1764 3145 1879 3210 tibi
1916 3145 2251 3210 credimus.
2296 3145 2599 3211 Miserere
2637 3146 2833 3231 nobis,
2880 3147 3171 3212 salvator

674 3254 882 3310 noster
905 3253 961 3311 et
981 3247 1206 3332 diqnos
1228 3245 1343 3330 fae
1371 3265 1579 3310 servos
1600 3252 1761 3327 tuos,
1793 3244 2057 3325 Christe,
2087 3251 2141 3308 et
2162 3264 2239 3309 ne
2266 3243 2511 3310 dederis
2536 3247 2611 3309 in
2632 3246 2951 3330 praedam
2982 3254 3171 3312 tuam

676 3343 1096 3409 substantiam
1112 3368 1142 3428 ;
1169 3344 1278 3409 sed
1308 3344 1502 3428 dona,
1533 3345 1826 3427 Domine,
1849 3345 2045 3408 servis
2062 3345 2189 3407 tuis
2216 3344 2548 3432 lavacrum
2574 3346 3089 3411 immortalitatis
3114 3353 3169 3409 et

675 3443 1114 3508 indumentum
1143 3445 1660 3528 incorruptionis,
1685 3446 1840 3529 quia
1870 3442 1983 3507 tibi
2010 3449 2099 3508 est
2119 3442 2331 3529 qloria
2358 3445 2429 3507 in
2455 3445 2707 3510 saecula
2746 3433 3169 3529 saeculorum,

677 3563 882 3632 amen.
925 3542 1005 3607 Et
1042 3563 1191 3608 cum
1242 3547 1560 3622 orassent,
1613 3563 1765 3609 ecce
1813 3542 2181 3627 presbyteri
2223 3547 2357 3608 tres
2401 3548 2721 3610 venerunt
2764 3549 2827 3610 et
2870 3545 3165 3629 baptiza·
3198 3564 3253 3614 ³0

687 3644 923 3707 verunt
954 3660 1088 3721 eoS‚
1114 3644 1179 3707 et
1205 3641 1596 3726 psallebant,
1617 3635 1951 3708 dicentes:
1992 3641 2280 3707 Accedite
2320 3641 2410 3708 ad
2442 3643 2793 3708 Dominum
2821 3652 2876 3709 et
2904 3645 3169 3710 inlumi-

687 3742 962 3824 namini,
1005 3748 1060 3806 et
1106 3741 1319 3806 vultus
1359 3743 1549 3806 vestri
1587 3762 1717 3806 non
1746 3741 2122 3807 erubescent.
2157 3741 2239 3807 Et
2267 3761 2421 3808 cum
2447 3731 2677 3809 omnes
2704 3743 3169 3814 benedicerent

673 3839 908 3918 Deum,
949 3859 1302 3924 percussus
1346 3845 1448 3907 est
1489 3841 1714 3907 dolore
1756 3845 2065 3919 satanas3
2119 3843 2185 3906 et
2226 3840 2730 3924 transfiguratus
2766 3843 2837 3909 in
2876 3843 3169 3922 homine,

674 3938 837 4005 abiit
865 3938 953 4005 ad
981 3959 1207 4022 regem
1237 3943 1303 4005 et
1332 3939 1490 4006 dicit
1519 3939 1618 4006 ei:
1662 3939 1787 4005 Dii
1827 3945 2153 4025 tamquam
2195 3941 2411 4004 minus
2459 3940 2756 4007 idoneum
2806 3950 2863 4007 te
2906 3953 3168 4028 reputa—

673 4045 914 4122 verunt,
953 4040 1104 4124 quia
1133 4059 1259 4104 non
1279 4040 1706 4124 praevaluisti
1732 4059 1937 4104 unum
1966 4059 2041 4104 ex
2080 4039 2299 4123 impiis
2340 4059 2575 4124 nocere,
2602 4040 2711 4107 sed
2738 4043 2929 4107 immo
2958 4046 3169 4130 maqis
3200 4059 3257 4108 3³

674 4143 744 4202 tu
764 4138 963 4202 victus
990 4157 1072 4203 es.
1115 4137 1192 4203 Si
1228 4140 1394 4204 enim
1415 4158 1541 4203 non
1559 4137 1851 4224 fuqieris,
1875 4138 2157 4222 forsitan
2178 4144 2235 4202 et
2261 4145 2331 4203 tu
2362 4140 2679 4206 morieris.
2710 4141 2939 4206 Decem
2980 4143 3169 4208 milia

673 4238 841 4300 enim
877 4239 1212 4302 unanimes
1240 4236 1641 4334 crediderunt
1679 4239 1753 4301 in
1804 4235 2058 4302 Christo
2099 4242 2155 4301 et
2196 4245 2511 4322 quaerunt
2538 4245 2595 4304 te
2621 4239 2981 4323 interficere.
3026 4241 3167 4328 qu

669 4335 869 4421 iqitur
897 4337 988 4400 sic
1022 4337 1246 4401 audivi
1274 4356 1375 4401 eos
1401 4335 1689 4420 dicentes,
1727 4344 1782 4402 et
1815 4335 2117 4420 festinavi
2150 4337 2522 4402 renuntiare
2546 4337 2679 4404 tibi.
2732 4338 2899 4406 Cum
2943 4344 3167 4408 autem

673 4434 968 4501 audisset
997 4455 1117 4503 rex
1146 4436 1330 4516 haec,
1361 4435 1570 4518 fugiit.

758 4540 876 4600 25.
919 4534 1114 4600 Mane
1161 4538 1382 4601 autem
1429 4536 1622 4614 factu,
1663 4533 2002 4618 praecepit
2046 4538 2121 4600 ut
2166 4535 2483 4602 sacrificia
2532 4537 3063 4616 celebrarentur;
3106 4543 3167 4606 et
3196 4549 3251 4603 to

666 4651 1028 4717 praecones
1083 4634 1460 4701 clamabant
1497 4633 1791 4699 dicentes
1822 4654 1835 4697 :
1888 4633 2296 4716 Sacrificium
2348 4635 2476 4701 diis
2534 4637 2906 4702 exsolventes
2955 4659 3166 4704 omnes

736 4849 756 4912 (
760 4849 809 4913 1)
826 4847 936 4902 Ista
961 4847 1174 4903 addidit
1197 4848 1400 4904 latinus
1418 4847 1704 4918 interpres.
