3425 5584
678 415 828 490 426
1866 433 1984 488 vn:

679 631 1070 724 Emptores
1131 636 1383 704 autem
1427 627 1594 703 aliis
1638 627 1908 702 iterum
1956 625 2416 721 temporibus
2458 648 2589 701 eos
2632 628 3065 701 vendebant
3110 628 3159 718 ¹,

679 767 1069 838 usquequo
1128 745 1232 818 illi
1281 745 1312 784 ⁸
1357 743 1486 837 qui
1533 741 2021 817 Cananitidas
2070 759 2099 793 ⁶
2152 740 2491 834 regiones
2548 742 2909 834 incolunt,
2960 743 3157 835 pmh

678 861 910 952 dolor,
961 867 1049 935 ut
1105 863 1338 934 fertur
1353 918 1372 951 ,
1431 857 1601 933 illos
1658 859 1688 898 ⁸
1746 857 2243 932 comedendos
2300 863 2651 932 emerent.
2715 856 2883 946 Qua
2948 859 3163 931 fama

675 958 1061 1068 permotus
1107 973 1147 1025 ἅ
1189 972 1522 1046 famulus
1553 971 1684 1046 Dei
1715 969 2190 1062 philibertus,
2232 970 2330 1043 ob
2362 969 2783 1045 istiusmodi
2818 993 3157 1062 causam,

676 1089 1093 1163 monachos
1126 1110 1308 1184 suos
1350 1108 1524 1162 cum
1571 1084 1867 1162 onustis
1897 1083 2221 1160 navibus
2258 1091 2333 1158 et
2374 1084 2793 1161 innumeris
2840 1087 2905 1126 ¹⁰
2937 1107 3160 1180 pecu·
3192 1107 3219 1156 ι

676 1203 824 1279 niis
848 1205 945 1278 ad
978 1203 1170 1278 fines
1203 1201 1374 1277 illos
1409 1201 1914 1294 transmittere
1948 1206 2477 1298 consueverat3
2506 1207 2880 1294 quatenus
2912 1201 3160 1276 homi-

677 1341 814 1394 nes
849 1320 945 1393 ad
977 1317 1380 1412 imaginem
1415 1317 1548 1392 Dei
1581 1316 1807 1392 creati
1836 1339 1883 1392 a
1908 1321 2067 1390 tam
2100 1315 2378 1390 misera
2401 1320 2475 1390 et
2500 1317 2825 1410 lugenda
2858 1315 3159 1410 captivi·

679 1441 830 1510 tate
855 1433 1214 1526 redempti
1240 1433 1634 1508 laudarent
1657 1431 2072 1525 potentiam
2112 1431 2173 1470 ¹¹
2198 1430 2495 1506 Christi.
2512 1432 2623 1506 Ex
2652 1432 2773 1506 his
2810 1433 2874 1474 ¹⁸
2900 1439 3159 1507 autem

679 1572 872 1644 quos
897 1549 1258 1626 redimere
1293 1571 1340 1623 a
1371 1547 1747 1642 praedicta
1778 1547 2135 1621 servitute
2170 1550 2481 1640 poterat,
2518 1547 2705 1622 alios
2738 1549 3161 1623 monachos

681 1665 839 1740 sive
889 1664 1194 1741 clericos
1250 1664 1490 1739 facere
1549 1663 1881 1754 curabat,
1936 1661 2124 1737 alios
2176 1660 2552 1755 obsequiis
2600 1669 2675 1738 et
2724 1663 3160 1738 ministeriis
3194 1679 3245 1729 «ο

680 1781 1002 1856 fratrum
1038 1779 1464 1873 deputabat.

779 1897 862 1968 11.
931 1895 1130 1968 Dum
1187 1916 1364 1988 ergo
1417 1915 1538 1968 res
1595 1893 1702 1968 ita
1758 1914 1841 1966 se
1905 1892 2213 1966 haberet
2270 1897 2344 1966 et
2388 1893 2413 1932 ¹
2471 1893 2877 1986 supradicti
2944 1895 3091 1970 loci
3138 1895 3165 1934 ⁸

683 2010 1034 2085 monachi
1075 2009 1104 2050 ⁸
1161 2010 1306 2084 hac
1363 2009 1453 2082 de
1521 2030 1751 2082 causa
1808 2007 2354 2082 transmarinas
2420 2013 2669 2100 partae
2734 2009 3165 2102 frequenter

683 2127 993 2218 adirent,
1029 2129 1224 2199 nutu
1272 2125 1404 2199 Dei
1455 2123 1765 2218 contigit
1812 2129 1901 2197 ut
1947 2122 2253 2216 quidam
2288 2123 2747 2216 adulescens,
2774 2125 3161 2217 generosis

681 2243 1116 2336 parentibus
1149 2257 1178 2294 θ
1219 2262 1312 2314 ex
1339 2242 1370 2279 ⁴
1395 2239 1644 2314 Scotia
1676 2239 1705 2280 ⁶
1731 2237 2284 2330 ortuS,nomine
2310 2237 2681 2331 Sidonius,
2702 2261 2875 2314 cum
2904 2240 3166 2314 multis
3197 2263 3249 2312 «⁸

681 2358 846 2446 aliis
881 2355 1342 2431 scholasticis
1367 2355 1536 2429 illos
1561 2353 1807 2428 videre
1832 2359 1905 2428 et
1940 2353 2220 2446 alloqui
2244 2352 2653 2446 delegisset,
2686 2360 2760 2428 et
2784 2355 3101 2430 ubinam
3133 2357 3160 2394 ⁸

677 2474 1026 2566 degerent
1061 2473 1108 2564 ²,
1137 2478 1209 2545 et
1241 2471 1441 2545 unde
1492 2470 1608 2543 vel
1653 2490 1785 2544 cur
1834 2468 1963 2542 illo
2010 2467 2410 2560 venissent,
2437 2470 2737 2543 eosdem
2772 2469 3163 2564 diligenter

679 2587 1131 2682 inquisisset.
1185 2580 1330 2676 Qui
1377 2591 1647 2661 cuncta
1694 2606 1825 2678 per
1878 2581 2215 2659 ordinem
2264 2582 2369 2656 illi
2416 2585 2510 2658 ad
2554 2584 2734 2676 quid
2778 2586 3162 2662 venissent

678 2705 1102 2792 referentes,
1171 2702 1265 2776 ad
1334 2707 1753 2775 extremum
1818 2699 2123 2773 tandem
2190 2698 2389 2772 beati
2444 2698 2827 2775 Philiberti
2896 2723 3157 2794 genuS,

684 2840 928 2893 mores
962 2823 1037 2892 et
1060 2817 1294 2891 vitam
1327 2814 1900 2890 intimaverunt..
1920 2813 2093 2887 Mox
2118 2814 2383 2888 beatus
2416 2813 2768 2890 Sidonius
2802 2817 2899 2890 ad
2932 2818 3163 2891 verba
3190 2835 3245 2886 ω

684 2955 945 3008 eorum
1005 2931 1258 3008 divino
1321 2932 1491 3024 igne
1551 2950 1979 3020 succensuS,
2040 2934 2209 3022 post
2274 2930 2431 3004 non
2496 2931 2821 3004 multum
2887 2932 3162 3007 relictis

685 3049 1139 3142 parentibus,
1179 3068 1388 3121 mare
1439 3045 1736 3120 transiit
1755 3046 1791 3110 f
1830 3051 1904 3119 et
1946 3043 2483 3119 Gemmeticum
2542 3047 2793 3122 locum
2852 3047 3167 3142 impiger

686 3165 888 3256 adiit,
975 3164 1180 3238 velut
1262 3162 1648 3256 quondam
1732 3159 1991 3253 regina
2071 3159 2271 3234 Saba
2354 3161 2835 3236 Salomonem
2918 3163 3164 3238 virum

687 3280 1098 3374 sapientem
1147 3276 1394 3352 videre
1443 3283 1815 3370 satagenS‚
1869 3282 1944 3349 et
1993 3276 2309 3368 probare
2354 3297 2547 3368 quae
2598 3278 2693 3351 ad
2734 3300 2909 3354 eum
2960 3281 3167 3354 fama

686 3397 1052 3489 detulerat
1103 3394 1430 3487 cupiens,
1466 3391 1632 3480 Quo
1660 3389 1989 3482 venienS‚
2026 3411 2199 3464 eum
2227 3389 2340 3465 vir
2372 3391 2673 3466 Domini
2710 3391 3164 3469 Philibertus
3192 3419 3245 3467 23

686 3513 998 3585 honeste
1032 3509 1062 3549 ⁸
1094 3514 1474 3602 gratanter
1509 3506 1855 3608 suscepit,
1904 3527 1991 3579 ac
2040 3505 2269 3580 totius
2319 3507 2813 3582 humanitatis
2864 3531 2953 3583 ac
3005 3510 3163 3584 reli-

687 3626 932 3720 gionis
987 3645 1243 3700 curam
1294 3623 1361 3697 ei
1413 3621 1771 3714 exhibuit,
1820 3621 1927 3695 ita
1976 3627 2061 3694 ut
2111 3619 2334 3695 etiam
2390 3622 2805 3715 praedictae
2866 3627 3165 3718 reginae

687 3743 914 3816 verba
959 3739 1216 3815 liberet
1254 3736 1322 3812 ei
1363 3738 1392 3777 ⁹
1434 3737 1809 3830 proferre:
1862 3735 2087 3810 Verus
2129 3743 2230 3809 est
2273 3760 2497 3810 sermo
2548 3761 2749 3834 quem
2794 3739 3048 3813 audivi
3094 3741 3165 3811 in

687 3865 881 3930 terra
924 3879 1080 3929 mea
1113 3878 1327 3952 super
1359 3851 1797 3926 sermonibus
1832 3859 1895 3925 et
1946 3852 2301 3949 sapientia
2339 3858 2463 3925 tua
2512 3859 2575 3924 et
2621 3877 2761 3927 non
2810 3854 3163 3944 credebam

687 3967 1175 4062 narrantibus,
1213 3967 1426 4041 donec
1459 3968 1610 4062 ipse
1635 3965 1949 4038 viderem
1980 3965 2201 4038 oculis
2234 3967 2430 4055 mie,
2485 3973 2545 4038 et
2576 3966 2957 4064 probarem
2988 3967 3166 4069 quod
3192 3991 3245 4040 3ο

689 4085 927 4158 media
963 4107 1151 4182 pars
1199 4082 1381 4155 milei
1429 4083 1759 4155 nuntiata
1822 4105 1962 4154 non
2014 4079 2293 4175 fuisset.
2356 4080 2645 4179 Majora
2703 4086 2958 4182 quippe
3010 4091 3165 4159 sunt

690 4224 904 4298 opera
945 4207 1091 4292 tua,
1141 4221 1354 4295 quam
1391 4220 1638 4268 rumor
1676 4219 1877 4293 quem
1922 4195 2197 4269 audivi.
2242 4195 2392 4271 Nec
2438 4197 2711 4271 mirum
2759 4199 2903 4272 hoc
2948 4199 3169 4275 alicui

689 4314 908 4388 debet
955 4310 1208 4386 videri.-
1242 4310 1618 4385 Institutio
1665 4331 1991 4402 namque
2038 4309 2210 4384 talis
2261 4316 2419 4384 erat
2466 4311 2546 4384 in
2592 4312 2855 4388 diebus
2900 4313 3051 4391 illis
3106 4315 3159 4354 ¹⁰

694 4569 758 4580 -
775 4540 797 4574 ⁷
823 4538 1253 4594 venumdabant.
1277 4512 1337 4577 -ss
1352 4537 1376 4572 ⁸
1389 4555 1489 4592 om.
1505 4567 1570 4576 —
1584 4537 1608 4572 ⁹
1631 4537 1795 4606 ipsos.
1814 4564 1880 4574 —
1904 4535 1954 4570 ¹⁰
1974 4535 2175 4590 nimiis.
2200 4564 2266 4574 —
2288 4537 2334 4570 ¹¹
2350 4539 2825 4608 omnipotentiam.
2846 4567 2913 4580 —
2934 4541 2981 4576 ¹¹
2998 4541 3093 4597 eis,
3109 4568 3165 4580 —-

697 4623 746 4658 ιε
828 4622 841 4635 ·
1274 4628 1278 4634 ·

763 4622 928 4758 {uf-s:
949 4704 966 4738 ¹
987 4703 1186 4756 fratres
1210 4703 1336 4756 add.
1362 4729 1422 4740 -
1443 4700 1466 4735 ⁸
1493 4717 1596 4756 om.
1625 4727 1679 4739 —
1704 4700 1848 4754 ⁸om.
1875 4727 1935 4738 —
1962 4697 2328 4755 ⁴e.-⁶natis
2346 4703 2537 4756 (κὶα.-
2578 4702 2721 4757 ⁸0m.
2743 4731 2801 4742 --
2826 4704 3054 4760 'onu—
3074 4704 3164 4756 ὀἱ

703 4787 833 4841 add.
853 4812 920 4824 —
940 4785 964 4820 ⁹
985 4785 1080 4840 lib.
1103 4784 1253 4838 verb.
1273 4784 1341 4838 ei.
1357 4811 1424 4822 —
1455 4783 1502 4818 ¹⁰
1525 4781 1818 4848 (erat-illis)
1842 4799 1942 4838 om.
