3425 5584
1132 516 1196 576 s.
1246 514 1460 577 sarar
1507 514 1941 577 oarsssrun.
2636 495 2783 580 889

313 709 750 807 paupertate
781 726 926 787 sua
974 704 1286 787 adduxit
1317 705 1414 787 ad
1443 706 1991 795 monasterium
2037 706 2231 799 duas
2270 726 2533 809 capras
2565 708 2783 809 quasi

307 842 448 920 pro
511 820 1136 903 remuneratione.
1184 820 1404 919 Quod
1461 821 1776 904 audiens
1838 822 2074 904 homo
2123 821 2256 905 Dei
2311 820 2640 921 subrisit,
2708 828 2783 907 et

305 936 678 1036 praecepit
724 936 1084 1019 stati-ibus
1143 934 1229 1019 ut
1283 958 1442 1019 non
1491 937 1839 1019 tollerent
1900 936 2091 1037 ilios,
2152 937 2286 1020 sed
2340 937 2583 1040 masis
2640 938 2784 1041 ipsi

306 1052 576 1133 &atres
611 1051 732 1153 [ei]
763 1050 807 1095 ⁶
852 1058 1244 1153 tamquam
1275 1052 1586 1155 pauperi
1643 1050 1976 1153 aliquam
2008 1052 2600 1135 benedictionem
2644 1075 2781 1157 pro
2854 1068 2885 1108 ⁸
2905 1070 3035 1132 aa.
3062 1086 3207 1132 em.

237 1191 272 1248 s
306 1166 615 1249 caritate
647 1168 1194 1263 condonarent;
1220 1168 1427 1269 quod
1459 1173 1536 1251 et
1564 1168 1925 1251 fecerunt.

411 1281 556 1364 ιε’.
589 1282 879 1366 Relicto
903 1283 1168 1365 eodem
1202 1282 1685 1384 monasterio,
1720 1284 1920 1367 tacta
1952 1289 2069 1367 est
2115 1282 2448 1367 maxima
2485 1284 2785 1369 tristitia

305 1398 388 1481 in
421 1398 633 1480 omni
661 1398 792 1480 ilia
821 1399 1230 1501 provincia.
1259 1396 1344 1482 'et
1375 1399 1723 1481 dicebant
1754 1421 1837 1482 se
1881 1398 2279 1483 destitutos
2326 1421 2376 1483 a
2410 1400 2562 1482 Deo
2594 1422 2783 1485 esse.

305 1514 453 1595 Sed
485 1514 791 1616 iniquus
820 1514 946 1597 iiie
971 1520 1404 1617 persecutor
1453 1514 1778 1597 nimium
1821 1516 2064 1598 iaetus
2096 1515 2405 1599 effectus
2434 1521 2573 1617 est,
2605 1516 2787 1618 quia

46 1664 48 1671 ·
305 1628 606 1712 videbat
648 1653 871 1713 suam
904 1630 1300 1712 avaritiam
1336 1630 1419 1712 in
1450 1630 1597 1713 hoc
1628 1652 1793 1713 esse
1824 1630 2203 1714 satiatam.
2244 1630 2409 1715 Sed·
2438 1634 2597 1713 non
2653 1653 2787 1734 per

203 1768 271 1824 ιο
305 1746 635 1827 multum
658 1752 958 1849 tempus
980 1746 1128 1827 boc
1149 1746 1481 1847 possedit
1493 1746 1889 1848 gaudium,
1914 1746 2095 1848 quia
2117 1768 2274 1829 non
2306 1752 2477 1849 post
2502 1748 2787 1832 multos

46 1900 48 1905 ·
307 1861 468 1943 dies
506 1861 762 1944 divino
819 1861 1100 1965 judicio
1163 1884 1386 1945 suam
1435 1862 1668 1945 vitam
1732 1884 1912 1946 cum
1972 1862 2199 1945 rebus
2248 1862 2787 1964 temporalibus

305 1977 637 2077 passima
660 1977 1093 2060 infirmitate
1117 1977 1383 2078 finivit,
1417 1984 1514 2077 et.
1546 1984 1633 2060 ut
1656 1977 1952 2078 dicitur,
1980 1984 2284 2080 propter
2316 1979 2507 2061 iliud
2525 2000 2787 2062 mona·

306 2093 620 2175 sterium
672 2093 1406 2176 excommunicatum
1453 2094 1860 2176 decessisse
1894 2094 2037 2193 [vei
2086 2093 2484 2197 desedisse]
2511 2094 2575 2195 ⁸,
2608 2092 2791 2196 quia
2869 2099 2900 2139 ·
2920 2100 3222 2231 ungui-0·

306 2232 498 2291 suus
531 2210 832 2291 animus
876 2210 975 2291 ad
1009 2210 1609 2292 emendationem
1643 2209 1955 2311 minime
1998 2215 2115 2292 est
2150 2211 2573 2314 perductus.
2606 2209 2793 2293 Post
2850 2182 3055 2230 ‘'⁸⁶⁶“

207 2352 275 2408 «s
309 2324 457 2405 boc
488 2332 743 2406 autem
777 2325 1026 2407 omnis
1050 2326 1180 2406 illa
1223 2325 1695 2426 congregatio
1722 2328 1816 2409 de
1841 2325 2297 2408 monasterio
2322 2324 2666 2408 derelicto
2694 2326 2789 2408 ad

310 2440 852 2529 monasterium
902 2438 1140 2521 sancti
1191 2436 1560 2521 Iohannis
1607 2439 1688 2520 in
1712 2440 1953 2520 Plano
2005 2460 2087 2521 se
2115 2438 2500 2521 transtulit
2544 2438 2792 2540 ibique

309 2554 745 2656 permansit,
779 2555 985 2655 quod
1007 2555 1088 2636 in
1120 2554 1330 2636 brevi
1363 2561 1696 2655 tempore
1720 2554 2191 2651 restauravit,
2227 2558 2303 2635 et
2333 2554 2519 2635 illud
2543 2558 2787 2636 totum

311 2672 404 2753 de
428 2691 629 2751 novo
657 2669 1096 2765 construxit.
1131 2668 1479 2752 ecclesias
1501 2674 1577 2752 et
1607 2668 2121 2770 possessiones
2142 2690 2335 2770 quas
2359 2669 2585 2770 longo
2612 2674 2787 2751 ante

303 2787 466 2887 jam
519 2793 854 2887 tempore
895 2785 1323 2886 perdiderat
1369 2785 1857 2885 recuperavit.
1911 2790 1989 2867 et
2040 2784 2122 2867 in
2176 2784 2527 2867 omnibus
2567 2784 2790 2867 bonis

199 2928 270 2983 so
305 2924 439 3001 per
462 2902 592 2982 Dei
619 2902 941 3002 gratiam
972 2900 1318 3002 deinceps
1351 2902 1827 2983 abundanter
1856 2901 2130 2983 floruit.

811 3230 1235 3318 [amma]
1255 3228 1390 3317 (roi.
1420 3208 1680 3313 ser-sa,
1713 3226 1981 3313 sav-ser.
2003 3227 2274 3315 err-ev>

393 3434 455 3495 a.
501 3424 664 3495 item
708 3424 980 3514 quidam
1039 3422 1324 3497 Gallicus
1371 3424 1661 3496 habebat
1733 3424 1987 3496 febrem
2041 3424 2413 3510 tertianam,
2471 3424 2581 3513 qui
2632 3441 2781 3496 cum

307 3544 549 3621 magna
573 3522 941 3596 devotione
988 3524 1266 3596 accessit
1314 3522 1402 3594 ad
1445 3523 1819 3613 sepulcrum
1858 3522 2031 3594 illius
2067 3522 2277 3595 sancti
2316 3523 2459 3605 viri.
2508 3526 2575 3595 et
2624 3540 2779 3612 pro-

308 3626 610 3693 sternens
631 3643 705 3693 se
718 3626 875 3694 ante
895 3622 1303 3712 sepulturam
1325 3622 1468 3713 ejus
1488 3641 1688 3694 orans
1703 3626 1771 3694 et
1779 3621 2141 3719 deprecans
2165 3620 2373 3694 Deum
2397 3624 2465 3723 et
2476 3624 2779 3694 sanctum

195 3744 270 3799 ss
303 3722 660 3793 hominem.
688 3720 818 3806 Qui
862 3722 950 3794 ab
978 3721 1092 3793 iila
1119 3722 1300 3794 febre
1329 3725 1602 3794 sanatus
1630 3724 1696 3793 st
1717 3720 2029 3793 liberatus
2059 3720 2308 3793 exstitit
2332 3720 2401 3791 in
2428 3720 2538 3792 illo
2561 3719 2687 3805 dis.
2710 3722 2779 3793 et

302 3820 602 3892 discessit
621 3823 868 3909 gratias
889 3820 1180 3893 reterens
1209 3819 1348 3893 Deo
1376 3820 1829 3910 omnipotenti.

386 3926 458 3991 8.
503 3921 854 4005 Antonius.
896 3920 1010 4009 qui
1059 3924 1216 3993 tunc
1272 3922 1571 4009 tempore
1611 3922 1955 4009 promotus
1999 3921 2143 3991 erat
2191 3917 2260 3991 in
2308 3917 2779 4008 praelationem

300 4018 716 4108 episcopatus
747 4018 1068 4091 Lunensis
1096 4020 1212 4109 (i),
1236 4018 1349 4109 qui
1379 4018 1592 4091 iuerat
1615 4018 1993 4108 capellanus
2024 4017 2251 4089 domni
2280 4015 2376 4103 G..
2397 4015 2777 4089 sabinensis

299 4117 593 4207 episcopi
623 4117 973 4189 cardinalis
999 4117 1118 4207 (Β),
1141 4137 1341 4207 quem
1367 4136 1491 4206 pro
1522 4135 1646 4188 sua
1674 4116 1971 4188 bonitate
1996 4114 2274 4187 nimium
2303 4114 2644 4204 diligebatz
2672 4112 2780 4186 hic

191 4236 265 4294 so
300 4218 402 4287 vir
429 4216 818 4287 venerabilis
845 4216 1218 4305 praedictus
1248 4216 1532 4288 domnus
1571 4214 1899 4287 Antonius
1932 4213 2297 4286 infirmatus
2325 4214 2449 4285 i’uit
2473 4212 2776 4302 graviter.

307 4318 376 4385 et
404 4334 448 4385 a
479 4315 751 4387 medicis
764 4315 906 4405 jam
937 4314 1150 4387 mersi
1170 4316 1577 4405 desperatus.
1606 4313 1702 4386 De
1732 4333 1868 4402 quo
1901 4314 2185 4385 domnus
2220 4311 2297 4385 Θ.
2332 4310 2681 4384 cardinalis
2710 4314 2778 4383 et

304 4434 536 4486 omnes
590 4416 782 4486 amici
825 4415 966 4503 ejus
1005 4414 1285 4487 nimium
1313 4414 1892 4486 contristabantur.
1923 4412 2042 4485 Cui
2071 4410 2448 4502 praedictus
2492 4410 2776 4483 domnus

366 4630 446 4703 (i)
478 4630 566 4689 Ab
587 4646 735 4689 anno
768 4630 899 4689 im
919 4629 992 4689 ad
1027 4630 1158 4690 imo
1177 4628 1321 4689 sadit
1347 4629 1407 4689 in
1441 4629 1709 4689 cathedra
1746 4626 1989 4689 Lunensi
2012 4628 2289 4689 Asinius
2322 4627 2591 4688 ossuum
2620 4624 2778 4687 Idam

297 4712 646 4781 miraculum.
661 4713 787 4772 aliis
803 4712 988 4772 verbis
1003 4717 1062 4772 et
1083 4712 1404 4772 nominibus
1419 4726 1781 4787 personarum
1801 4710 2037 4783 omissis,
2058 4709 2295 4771 retertur
2318 4712 2485 4771 Anci.
2510 4709 2776 4780 laland..

295 4800 435 4937 {obas
453 4794 769 4937 aaz&
791 4822 854 4841 -
890 4794 968 4868 (1)
1001 4794 1209 4855 Forsan
1253 4796 1542 4856 &curdus
1583 4794 1833 4864 Dionem.
1866 4792 2163 4854 cardinalis
2184 4790 2504 4854 sabinensis
2535 4791 2609 4852 ab
2630 4806 2779 4852 anno
