3425 5584
1171 492 1490 547 rrxscorr
1537 490 1905 547 remur.
2659 472 2799 549 105

408 704 532 768 22.
567 694 896 789 Ἀβροχίας
948 696 1100 789 γοῦν
1147 698 1211 762 ἂν
1261 698 1340 791 τῇ
1387 690 1644 792 τελωτῇ
1704 696 1817 763 τοῦ
1873 694 2047 765 ὁσίου
2088 693 2521 790 ὑπαρχούσης,
2572 696 2680 763 τοῦ
2731 723 2799 765 τε

307 805 542 875 λάκκου
575 810 685 891 τοῦ
711 806 966 902 ἔχοντος
991 809 1063 875 τὸ
1098 806 1261 900 ὕδωρ
1310 809 1384 875 τὸ
1422 807 1722 901 ὀμβρινὸν
1773 804 2110 899 μέλλοντος
2144 806 2472 894 ἐκλείπειν,
2523 810 2627 876 καὶ
2671 812 2797 878 τῶν

309 920 591 1018 ἀδελφῶν
635 922 985 1005 ζητούντων
1014 925 1421 1018 ἀναχωρῆσαι
1469 921 1574 990 διὰ
1620 924 1737 1004 τὴν
1779 920 1989 1015 λεῖψιν
2023 926 2133 991 τοῦ
2180 925 2399 1009 ποτοῦ,
2457 928 2613 1015 μετὰ
2650 928 2795 1017 μίαν

309 1036 628 1129 ἑβδομάδα
651 1040 765 1118 τῆς
802 1041 865 1104 ἐν
902 1037 1082 1130 σαρκὶ
1113 1032 1412 1117 τελευτῆς
1443 1038 1558 1104 τοῦ
1593 1032 1871 1131 μεγάλου
1904 1034 2130 1131 νεφέλη
2163 1034 2410 1130 πλήρης
2446 1036 2683 1131 ὄμβρου
2730 1044 2795 1108 ἐκ

248 1168 278 1217 ⁸
310 1152 544 1231 δύσεως
596 1151 944 1245 δραμοῦσα,
987 1155 1066 1219 τὰ
1101 1154 1214 1243 μἐν
1271 1148 1582 1219 κατόπιν·
1629 1152 1789 1245 μέρη
1840 1149 1917 1218 δι’
1952 1154 2038 1219 ὧν
2081 1149 2505 1245 παρελήλυθεν
2547 1157 2795 1247 μικραῖς
2961 1145 3122 1273 '2⁰⁶-

308 1266 755 1363 ἄγαν-ψεκάσιν
789 1270 1161 1361 ἐρράπισεν,
1196 1264 1460 1335 ἐλθοῦσα
1493 1265 1560 1335 δδ
1597 1265 1857 1335 ἐνταῦθα
1883 1267 1989 1334 καὶ
2013 1272 2211 1334 στᾶσα
2235 1269 2441 1335 ’ἐπάνω
2474 1271 2583 1335 τοῦ
2620 1267 2794 1361 ὅρους
2914 1236 3017 1273 κατ
3051 1238 3156 1288 πῃ

306 1386 602 1452 τοσοῦτον
635 1381 874 1465 πλῆθος
907 1383 1085 1451 ὑετοῦ
1110 1378 1379 1479 ἐξέχεεν,
1424 1382 1588 1450 ὥστε
1634 1383 1742 1450 καὶ
1777 1382 1922 1461 τοὺς
1958 1379 2251 1465 σωλῆνας
2287 1387 2551 1479 ῥαγῆναι
2585 1382 2661 1451 δι’
2709 1388 2795 1453 ὧν

307 1498 508 1567 εἰώθει
522 1500 604 1567 -τὸ
631 1497 792 1592 ὕδωρ
827 1498 1165 1589 διαβαίνειν
1195 1501 1287 1590 μὴ
1320 1500 1686 1594 χωροῦντας
1709 1500 1827 1579 τὴν
1858 1500 1969 1566 τοῦ
2006 1496 2245 1593 ὄμβρου
2278 1495 2659 1594 λαβρότητα,
2691 1504 2797 1571 καὶ

305 1616 376 1683 τὸ
405 1616 520 1707 μὶν
555 1617 776 1709 ἀρκοῦν
815 1616 970 1707 ἡμῖν
1007 1611 1095 1693 εἰς
1133 1614 1241 1681 τὸν
1277 1610 1500 1682 λάκκον
1545 1613 1885 1707 εἰσρεῦσαι,
1949 1614 2020 1682 τὸ
2072 1612 2138 1681 δὲ
2187 1616 2471 1709 περιττὸν
2522 1610 2636 1693 ἔξω
2685 1619 2795 1685 τοῦ
2912 1648 2917 1655 ·

214 1744 272 1793 to
303 1731 553 1825 τείχους
588 1725 938 1809 techna-obv
971 1731 1109 1807 ταῖς
1140 1730 1326 1825 χερσὶ
1365 1731 1492 1797 τῶν
1551 1726 1832 1825 ἀδελφῶν
1874 1728 1995 1797 ὧδε
2044 1732 2288 1798 κάκεῖσε
2328 1730 2791 1823 σκορπισθῆναι.

308 1846 436 1939 Πρὸ
471 1842 806 1941 ὀφθαλμῶν
830 1849 952 1941 γὰρ
988 1842 1186 1941 εἶχον,
1246 1845 1475 1937 μήπως
1517 1847 1551 1912 ὁ
1597 1841 1864 1939 ἄμετρος
1916 1842 2097 1941 ὄγκος
2141 1848 2368 1924 ἐκεῖνος
2415 1848 2523 1912 τοῦ
2576 1845 2794 1927 ὕδατος

308 1961 476 2038 ἐντὸς
511 1962 636 2028 τῶν
674 1962 1030 2053 οἰκημάτων
1066 1960 1434 2055 συστραφεὶς
1466 1962 1546 2027 τὰ
1579 1961 1690 2028 τοῦ
1728 1962 2143 2053 μονασι-ηρίου
2178 1959 2463 2057 σαθρώσῃ
2510 1960 2785 2051 Θεμέλια.

307 2077 518 2144 Ταῦτα
546 2078 660 2168 μὲν
693 2072 799 2143 οὖν
837 2074 966 2168 μεθ’
1001 2076 1238 2168 ἥμέρας
1267 2078 1422 2143 ἑπτὰ
1448 2079 1563 2157 τῆς
1590 2075 1703 2142 τοῦ
1728 2076 1900 2143 ὁσίου
1934 2076 2284 2168 κοιμήσεως
2302 2094 2322 2113 ·
2351 2078 2414 2145 ἐν
2440 2078 2595 2173 αὐτῇ
2623 2075 2689 2145 δὲ
2711 2082 2789 2175 τῇ

307 2191 514 2285 ἡμέρα
545 2189 674 2256 καθ’
707 2175 788 2275 ἣν
815 2192 846 2257 ὁ
881 2191 989 2258 τοῦ
1026 2190 1186 2259 Θεοῦ
1221 2189 1500 2283 Θεράπων
1526 2185 1778 2272 ἐξῆλθεν
1809 2192 1919 2258 τοῦ
1952 2190 2267 2283 σώματος,
2321 2187 2567 2285 ἄπειρος
2596 2190 2791 2284 δῆμος

218 2330 278 2378 ⁴5
313 2306 570 2376 ἐνταῦθα
603 2306 964 2401 συνέδραμε.
995 2307 1119 2375 Δύο
1146 2306 1212 2375 δὲ
1245 2307 1522 2402 φοὺρνων
1556 2307 1659 2373 καὶ
1687 2307 1875 2398 μόνον
1907 2305 2129 2400 ἄρτους
2176 2309 2210 2374 ὁ
2252 2303 2576 2401 κελλάριος
2624 2306 2791 2403 εἶχεν

307 2424 602 2517 τέσσαρσι
635 2423 738 2490 καὶ
773 2422 919 2491 δέκα
946 2424 1208 2516 ἡμέραις
1235 2420 1512 2504 δαπάνης
1537 2425 1726 2518 χάριν
1759 2424 1890 2500 τοῖς
1906 2423 2229 2516 ἡμετέροις
2259 2424 2467 2515 μόνοις
2494 2421 2790 2505 ἀσκηταῖς

382 2752 503 2813 22.
528 2731 868 2813 'Sterilitas
913 2745 1183 2830 quidem
1209 2748 1325 2833 (1),
1369 2765 1523 2814 cum
1564 2750 1863 2813 mortuus
1915 2750 2017 2813 est
2042 2751 2331 2829 sanctus,
2366 2751 2529 2826 erat,
2560 2752 2629 2815 et
2664 2750 2788 2815 cis-

299 2850 492 2913 terna
515 2844 609 2930 (2)
637 2864 812 2929 quae
840 2845 1169 2911 retinebat
1213 2864 1458 2930 aquam
1500 2846 1854 2931 pluvialem
1875 2846 2019 2931 jam
2046 2848 2181 2913 fere
2211 2846 2553 2927 exhausta,
2581 2867 2785 2931 quae-

295 2945 730 3028 rentibusque
787 2944 1100 3010 fratribus
1163 2944 1348 3011 abire
1415 2949 1687 3029 propter
1734 2945 2068 3012 defectum
2113 2948 2332 3029 potus,
2376 2948 2525 3030 post
2581 2965 2780 3013 unam

293 3043 787 3111 hebdomadem
813 3060 1018 3127 quam
1045 3064 1084 3109 e
1101 3062 1298 3109 carne
1319 3043 1634 3127 migrarat
1654 3044 1943 3128 praesul,
1964 3045 2178 3111 nubes
2212 3044 2452 3111 referta
2473 3044 2682 3110 imbre
2704 3064 2787 3110 ex

291 3142 637 3211 occidente
694 3161 1061 3223 accmrem,
1121 3161 1392 3209 aversas
1435 3142 1735 3227 regiones
1776 3162 1945 3228 quas
1987 3143 2454 3228 pertransierat
2497 3144 2784 3228 parvulis

291 3245 554 3310 tantum
603 3242 804 3325 guttis
845 3241 1161 3307 inroravit
1178 3266 1196 3319 ς
1216 3241 1343 3307 sed
1383 3260 1533 3308 cum
1563 3242 1942 3309 advenisset
1964 3241 2095 3308 huc
2140 3246 2204 3309 et
2254 3243 2547 3309 stetisset
2586 3262 2784 3325 super

289 3346 542 3421 monte,
577 3344 835 3407 tantam
877 3341 1142 3425 pluviae
1195 3342 1454 3425 copiam
1506 3340 1738 3407 effudit
1776 3344 1851 3407 ut
1901 3342 2162 3408 canales
2192 3342 2467 3424 disrupti
2506 3342 2638 3409 sint
2665 3363 2783 3426 per

291 3460 459 3528 quos
503 3440 764 3506 solebat
789 3459 966 3523 aqua
994 3440 1293 3521 transire,
1330 3439 1574 3525 quippe
1587 3440 1714 3525 -qui
1746 3439 1977 3507 imbris
2004 3440 2383 3506 violentiam
2426 3460 2560 3506 non
2588 3444 2784 3508 susti-

285 3543 540 3607 nerent.
594 3538 786 3618 Quod
811 3612 818 3619 ,
839 3539 1212 3605 sufficiebat
1259 3538 1452 3606 nobis
1502 3537 1762 3605 influxit
1806 3537 1878 3604 in
1936 3539 2322 3617 cisternam3
2373 3540 2782 3623 superfluum

287 3642 517 3707 autem
561 3642 752 3704 extra
795 3658 1056 3704 murum
1089 3638 1488 3705 exhaustum
1532 3642 1635 3705 est
1677 3638 1985 3704 manibus
2029 3640 2328 3717 fratrum,
2356 3641 2433 3703 ut
2472 3638 2603 3703 huc
2631 3640 2781 3705 illuc

287 3734 799 3813 diffunderetur3
847 3736 1235 3801 metuebant
1275 3736 1449 3801 enim
1477 3754 1566 3801 ne
1595 3735 1924 3801 immensa
1949 3736 2079 3801 ista
2104 3734 2313 3801 moles
2342 3753 2558 3819 aquae
2607 3738 2779 3803 intra

286 3834 490 3901 aedes
521 3837 834 3919 congesta
855 3834 1236 3900 monasterii
1265 3834 1614 3901 subrueret
1645 3834 2097 3900 fundamenta.
2127 3832 2311 3899 Haec
2330 3834 2601 3918 quidem
2632 3841 2777 3918 post

285 3934 430 3999 dies
473 3936 732 4017 septem
763 3952 807 3999 a
835 3934 1042 4000 sancti
1087 3934 1208 3998 viri
1237 3933 1666 4014 dormitione3
1699 3933 1784 3999 -in
1831 3934 1977 4017 ipso
2018 3950 2175 3998 vero
2227 3932 2333 3998 die
2376 3933 2442 3998 in
2485 3953 2617 4017 quo
2663 3935 2807 4001 Dei⁴

283 4050 516 4099 servus
560 4032 716 4098 exiit
743 4051 780 4099 e
823 4051 1115 4116 corpore,
1144 4032 1472 4099 immensa
1513 4032 1868 4098 multitudo
1917 4032 2048 4098 huc
2094 4032 2441 4097 concurrit.
2482 4031 2799 4099 Duorum·

281 4132 630 4199 furnorum
657 4132 1123 4199 tantummodo
1155 4151 1363 4215 panes
1394 4132 1692 4198 cellarius
1742 4131 2051 4211 habebat,
2103 4131 2215 4215 qui
2265 4149 2387 4214 pro
2430 4134 2773 4213 quattuor-

281 4230 500 4297 decim
543 4228 800 4297 dierum
843 4231 1322 4297 sustentatione
1347 4230 1589 4297 nostris
1620 4230 1776 4296 solis
1818 4222 2057 4296 ascetis
2094 4228 2395 4296 sufficere
2424 4228 2773 4296 valebant:

347 4452 424 4520 (1)
456 4450 578 4506 Hac
599 4449 759 4521 plaga
776 4448 997 4521 saepius
1025 4450 1285 4505 affectam
1317 4447 1688 4504 Palaestinam
1713 4447 1886 4504 fuisse
1906 4447 2061 4503 hisce
2084 4450 2431 4519 temporibus
2452 4455 2649 4506 notum
2675 4459 2773 4519 est,

280 4532 440 4590 verbi
469 4532 662 4605 gratia,
697 4548 768 4587 ex
806 4532 934 4589 vita
957 4532 1138 4589 Sabae
1170 4530 1281 4597 (cd.
1305 4529 1556 4597 coteler„
1589 4530 1738 4586 Ecd.
1755 4547 1861 4599 cr„
1882 4547 2136 4596 monum„
2157 4535 2295 4588 tom.
2333 4532 2427 4597 lu,
2457 4548 2511 4603 p.·
2546 4534 2686 4602 321).
2707 4564 2774 4577 —

277 4617 358 4685 (2)
389 4614 622 4687 Saepius
665 4618 930 4671 notantur
963 4615 1073 4670 hae
1112 4614 1384 4669 cisternae
1433 4613 1494 4669 in
1539 4612 1893 4669 monasteriis
1942 4612 2306 4669 Palaestinae.
2344 4614 2479 4687 (Cfr.
2526 4616 2773 4687 Procop.,

275 4701 362 4755 De
398 4700 604 4767 Δεαιγὶ,
647 4696 712 4765 V,
743 4698 806 4763 93
854 4698 1051 4769 Epiph.
1089 4696 1367 4762 monach„
1407 4696 1478 4751 P.
1521 4696 1608 4759 0..
1641 4693 1982 4764 tom.'CXX,
2027 4711 2081 4766 p.
2121 4696 2253 4763 2693
2278 4696 2583 4765 Moschum,
2620 4701 2771 4755 Prot.

275 4785 434 4854 spir„
464 4798 515 4839 c.
547 4780 686 4849 182).
737 4780 1174 4851 Descriptionem
1217 4794 1411 4835 earum
1453 4778 1603 4849 leges
1625 4778 1779 4849 apud
1816 4776 2037 4845 Couret,
2086 4779 2177 4834 La
2230 4780 2499 4835 Palesttm
2538 4798 2666 4837 eous
2695 4784 2771 4838 leo

275 4880 593 4936 uaporem-e
618 4880 794 4933 φησι.
815 4880 868 4934 p.
889 4862 1002 4932 180,
1025 4862 1140 4919 181.

497 4978 766 5021 ,mg
1730 4952 1733 4955 ⁴
2472 4960 2510 5017 8
