3425 5584
1295 457 1386 511 nn
1437 457 1499 512 s.
1549 456 1792 512 smus.
2630 437 2779 513 429

307 649 479 725 odio
544 650 796 726 feralis
873 650 936 691 ¹⁸
1001 649 1306 726 animus
1370 649 1452 724 in
1517 654 1764 725 totum
1838 668 2139 745 gregem
2211 649 2525 727 feritatis
2596 674 2779 729 suae

304 766 707 861 procellam
790 764 1250 857 retorsisset,
1318 765 1502 840 dum
1563 765 1727 860 jam
1804 773 2041 841 terras
2122 770 2199 842 et
2268 767 2781 861 possessiones

304 881 740 956 monasterii
819 879 940 956 sui
1029 881 1092 922 ¹⁸
1164 881 1384 975 longe
1462 879 1749 974 positas
1832 880 2149 956 assiduis
2227 881 2785 958 incursionibus

305 1003 604 1072 vastare
641 1017 801 1071 non
849 1001 1194 1089 cessaret,
1240 994 1564 1072 decrevit
1605 995 1905 1091 longius
1936 1018 1985 1072 a
2016 997 2181 1071 loco
2213 1018 2438 1090 quem
2480 999 2787 1092 regebat

233 1131 268 1180 ⁵
302 1112 642 1187 recedere
706 1111 805 1205 ¹⁰,
862 1111 996 1186 ubi
1076 1109 1534 1188 eremiticam
1601 1110 1836 1186 vitam
1910 1133 2129 1206 agere
2184 1111 2573 1206 potuisset.
2638 1114 2783 1188 Sed

304 1227 520 1302 valde
577 1226 720 1302 sibi
769 1226 1160 1302 videbatur
1208 1226 1605 1321 indignum
1639 1225 1704 1302 si
1750 1247 2047 1322 gregem
2092 1226 2237 1302 sibi
2292 1227 2783 1304 commissum

304 1342 467 1418 sine
524 1341 884 1436 pastorali
942 1341 1301 1437 regimine
1357 1341 1396 1395 ¹⁶
1449 1341 1893 1436 reliquisset.
1924 1341 2126 1418 Misit
2155 1342 2408 1437 itaque
2472 1365 2567 1420 ex
2622 1343 2783 1420 suis

303 1459 498 1533 duos
557 1457 624 1498 ⁸¹
671 1457 1190 1534 sanctissimos
1247 1457 1686 1552 monachos,
1741 1479 2065 1552 quorum
2123 1479 2327 1534 unus
2372 1461 2781 1535 vocabatur

305 1573 680 1668 SidoniuS,
716 1574 905 1649 alter
935 1573 1198 1666 Predo,
1232 1571 1366 1668 qui
1392 1571 1656 1667 ntique
1701 1572 2221 1649 celeberrimae
2269 1572 2647 1668 religionis
2694 1597 2783 1652 ac

206 1709 272 1759 ιο
306 1689 596 1765 eximae
640 1687 1060 1764 sanctitatis
1108 1693 1325 1764 erant
1367 1687 1506 1764 viri
1550 1689 1647 1764 ad
1691 1687 2173 1778 Quintiacum
2214 1690 2779 1768 monasterium.

307 1803 437 1880 ubi
486 1804 645 1900 ipse
692 1809 766 1878 et
792 1790 889 1844 '³⁸
935 1805 1206 1879 beatus
1263 1801 1694 1879 Ansoaldus
1746 1804 1788 1895 ¹,
1838 1802 2319 1879 Pictavorum
2363 1803 2777 1899 episcopus,

307 1920 696 2014 quondam
729 1918 796 1961 ⁸⁸
826 1919 1062 1994 totius
1118 1917 1498 2013 religionis
1556 1940 1644 1993 ac
1693 1923 1941 1994 status
2014 1919 2081 1959 ⁸⁴
2136 1917 2407 2013 virum,
2472 1921 2781 1997 nomine

307 2034 763 2128 Aycadrum,
791 2034 956 2129 jam
1010 2034 1078 2075 ⁸⁸
1109 2033 1460 2108 abbatem
1493 2031 1852 2108 idoneum
1902 2034 1969 2075 ⁸⁸
2000 2033 2501 2110 instituerant.
2557 2035 2779 2110 Hunc

311 2171 498 2225 sane
530 2149 758 2224 talem
801 2149 868 2228 ’ἲ
897 2149 1148 2224 virum
1191 2146 1539 2241 cupiebat
1569 2147 2142 2224 Gemmeticensi
2174 2147 2502 2224 familiae
2542 2154 2775 2224 recto-

203 2283 269 2334 ⁴³
309 2287 469 2340 rem
527 2263 926 2359 praeficere
967 2280 1023 2317 ¹⁸·
1065 2268 1154 2338 ut
1207 2263 1328 2338 vel
1384 2285 1522 2358 pro
1581 2263 1747 2358 ejus
1806 2263 2201 2340 sanctitate
2258 2287 2347 2340 ac
2401 2262 2777 2358 religione,

305 2403 500 2475 quae
541 2385 723 2455 tunc
767 2377 1128 2474 temporis
1179 2378 1378 2472 apud
1433 2377 1963 2472 Aquitanicam
2012 2376 2393 2472 regionem
2450 2379 2780 2455 multum

304 2495 611 2572 celebris
664 2496 732 2537 '⁸
781 2501 964 2588 erat,
1014 2494 1354 2589 praefato
1393 2493 1559 2569 loco
1605 2517 1652 2570 a
1700 2498 2069 2589 potestate
2109 2495 2176 2535 '⁸
2208 2493 2409 2570 illius
2458 2493 2775 2570 crudelis

303 2611 608 2688 animus
660 2609 1153 2686 reverentiam
1195 2608 1574 2686 exhiberet
1607 2611 1741 2704 (1).
1777 2608 2179 2704 Pergentes
2209 2609 2433 2705 igitur
2471 2609 2542 2651 ⁸⁰
2569 2631 2777 2705 prae·

305 2726 482 2802 dicti
525 2732 776 2822 patres
809 2724 1163 2801 Sidonius
1212 2730 1290 2801 et
1329 2724 1574 2802 Predo
1620 2723 1720 2801 ad
1766 2723 2224 2802 destinatum
2272 2725 2524 2801 locum
2572 2733 2647 2801 et
2695 2724 2774 2799 in

196 2858 267 2910 πο
301 2843 514 2917 nullo
547 2846 886 2937 coeptam
919 2841 1260 2936 regulam
1305 2843 1712 2932 mutanteS,
1761 2860 1901 2915 nec
1944 2861 2100 2915 non
2147 2838 2375 2916 fidem
2414 2845 2489 2916 et
2539 2840 2778 2914 chari-

301 2961 534 3055 tatem
592 2977 790 3052 quae
832 2955 1201 3050 perfectae
1245 2953 1604 3049 spiritalis
1645 2953 2183 3030 aedificationis
2230 2954 2616 3030 vinculum
2666 2960 2780 3030 est

297 3077 692 3148 sectantes.
729 3071 1017 3147 Interea
1063 3069 1408 3167 apparuit
1457 3071 1771 3164 angelus
1812 3069 2115 3145 Domini
2147 3069 2535 3165 splendido
2566 3071 2781 3145 vultu

298 3189 518 3263 beato
567 3187 935 3282 Aycadro,
968 3186 1410 3280 priusquam
1443 3183 1552 3260 illi
1583 3186 1737 3261 duo
1771 3184 2225 3261 sanctissimi
2254 3184 2527 3278 nuntii,
2570 3185 2777 3260 Sido·

301 3304 476 3379 nius
524 3299 859 3378 videlicet
905 3307 983 3378 et
1019 3301 1287 3393 Predo,
1325 3301 1424 3375 ad
1474 3322 1650 3376 eum
1693 3299 2076 3376 venissent
2122 3305 2200 3376 et
2246 3300 2433 3376 dixit
2475 3300 2582 3376 ei:
2632 3301 2781 3374 Ave

191 3441 262 3492 25
291 3425 824 3518 praeceptorum
869 3415 1168 3492 Dmnini
1207 3415 1630 3513 fidelissime
1678 3423 2139 3512 conservator,
2190 3423 2257 3490 et
2307 3415 2493 3513 filiis
2546 3415 2649 3489 iln‘
2710 3415 2777 3456 ⁸¹

295 3531 1094 3631 servientiumprovieor
1114 3532 1369 3630 optime·
1388 3531 1523 3628 (2),
1537 3554 1680 3630 pro
1703 3529 1960 3630 quibu-⁹
1990 3538 2228 3606 manet
2249 3533 2333 3605 in
2368 3529 2779 3606 caelestibus

295 3655 621 3724 aeternae
643 3646 1022 3744 felicitatis
1051 3644 1251 3721 beata
1285 3646 1715 3745 multumque
1749 3645 2227 3745 amplectenda
2274 3649 2773 3721 remuneratio,

311 3763 646 3839 Vin-iliter
676 3763 905 3860 iyitur
947 3785 1100 3861 aye,
1149 3769 1214 3836 et
1262 3760 1682 3858 conforteris
1712 3762 1795 3835 in
1824 3761 2153 3838 Domino.
2213 3760 2310 3836 Te
2351 3762 2539 3836 em'm
2572 3763 2777 3860 elegit

300 3879 498 3954 Deus
529 3879 632 3952 ad
664 3877 1274 3952 Gem'meticeneem
1300 3876 1668 3971 familiam
1701 3901 1910 3951 suam
1936 3875 2493 3976 qubernandum.

189 4015 256 4067 3⁰
389 3991 510 4069 IV.
569 3992 755 4068 Post
808 3991 1334 4068 dormitionem
1373 4007 1416 4045 ¹·
1463 3989 1690 4086 igitur
1747 3991 1949 4067 beati
2006 3991 2030 4032 ¹
2088 3990 2325 4086 patris
2382 3991 2617 4067 incliti
2676 3992 2770 4067 ad

295 4109 548 4182 locum
603 4107 806 4182 unde
854 4127 1029 4181 cum
1063 4106 1324 4181 eodem
1374 4109 1586 4200 patre
1635 4127 1778 4180 suo
1811 4125 2157 4199 egressus
2206 4105 2453 4181 fuerat
2508 4107 2773 4180 beatus

294 4331 362 4344 -
376 4302 427 4339 ¹⁸
441 4301 703 4358 bestialis.
728 4327 798 4342 —
813 4301 865 4338 ¹⁹
880 4317 982 4356 om.
1000 4331 1052 4342 -
1076 4299 1128 4336 ¹·
1143 4299 1521 4355 abscedera-
1539 4299 1588 4336 ⁸¹
1605 4299 1747 4355 duos
1764 4315 1833 4356 ex
1846 4297 2031 4354 suia—
2058 4299 2109 4336 ⁸⁸
2126 4303 2183 4356 et
2196 4301 2399 4370 ipae.—
2416 4299 2465 4336 ¹¹⁸
2480 4299 2778 4370 quendam.

297 4411 364 4426 —
386 4385 438 4421 ⁸⁴
458 4383 784 4440 sanctitatis.
805 4409 872 4425 -
891 4383 944 4419 ⁸
972 4400 1075 4439 on.
1097 4411 1166 4423 —
1189 4381 1241 4418 ⁸⁸
1267 4399 1371 4438 ont.
1393 4409 1460 4422 -
1487 4381 1538 4418 ⁸⁶¹
1557 4383 1654 4438 tal.
1683 4397 1803 4438 ean.
1825 4381 1967 4422 —·¹⁸
1985 4382 2167 4450 (mult.
2186 4381 2409 4448 celebr.)
2428 4382 2777 4454 percelebris.

295 4493 366 4509 -
386 4467 506 4535 ¹?(a
525 4466 822 4536 potestate)
840 4467 1144 4536 apostatae.
1163 4491 1230 4504 -
1252 4463 1304 4500 ⁸⁸
1325 4463 1478 4520 beati
1500 4465 1630 4520 add.
1653 4491 1721 4504 -
1742 4464 1792 4500 ⁸¹
1816 4463 1897 4521 illi
1919 4465 2089 4532 (aliae
2108 4464 2247 4527 flliil.

362 4547 886 4618 mamaeae.

359 4728 438 4795 (1)
469 4727 548 4783 Ge
561 4726 660 4798 qui
682 4726 796 4782 suit
811 4729 898 4782 eet
911 4727 1026 4797 pris
1045 4743 1118 4783 au
1133 4727 1440 4783 manuscrit
1459 4727 1526 4782 de
1545 4725 1883 4795 Fontenelle,
1900 4741 2037 4782 avec
2059 4727 2139 4782 les
2158 4725 2435 4782 variantes
2452 4726 2527 4782 du
2548 4725 2777 4781 lection-

294 4811 538 4866 nnirede
555 4808 926 4876 saint-Saone.
947 4835 1018 4851 -
1037 4809 1112 4878 (³)
1141 4809 1240 4876 ici,
1261 4809 1300 4865 il
1319 4825 1354 4880 y
1378 4825 1413 4864 a
1434 4825 1546 4865 une
1569 4809 1783 4866 lacune.
