3425 5584
1217 502 1276 554 s,
1330 500 1880 556 cumsrornom.
2652 485 2805 560 403

323 691 633 756 convenite
644 713 672 772 ,·
705 692 776 756 et
801 708 954 755 cum
983 688 1398 756 festinatione
1427 690 1803 758 currebant.
1852 690 2281 760 BeatiSsimus
2317 712 2475 760 vero
2512 693 2804 762 Christo·

321 791 590 874 phorus,
622 786 1128 872 adprehendens
1156 788 1651 856 multitudinem·
1674 789 2197 874 christianornm,
2240 793 2422 860 venit
2464 794 2553 860 ad
2588 794 2803 862 locum

321 891 436 956 ubi
481 892 670 956 erant
706 890 994 968 incensa,
1020 892 1090 954 et
1134 889 1349 972 coepit
1387 888 1670 974 psallere
1712 889 1981 981 dicens:
2024 890 2262 958 Clarus
2290 899 2381 958 est
2404 893 2757 978 paradisus
2777 917 2805 974 ;

321 989 640 1055 modicum
699 989 1145 1070 sustineamus,
1193 993 1265 1052 nt
1305 1008 1693 1055 coronemur.
1749 989 1833 1055 Et
1874 990 2367 1074 respondebant
2411 993 2585 1059 dena
2622 994 2803 1059 milia

255 1102 286 1150 s
323 1089 538 1168 simul,
568 1089 662 1154 ita
689 1091 762 1153 ut
791 1105 951 1170 prae
979 1087 1305 1153 suavitate
1326 1088 1504 1154 vocis
1535 1087 1887 1154 multitudo
1907 1089 2249 1173 gentilium
2272 1093 2695 1158 convenirent
2716 1092 2803 1159 ad

320 1209 454 1256 eos.
484 1187 870 1254 Miserabilis
899 1189 1122 1253 autem
1151 1185 1454 1253 diabolus
1483 1188 1727 1253 iterum
1760 1187 2079 1254 accedens
2122 1189 2209 1255 ad
2235 1209 2479 1275 regem,
2509 1191 2666 1258 dicit
2701 1193 2802 1259 ei:

329 1287 668 1354 Culturam
695 1291 984 1350 nostram
1021 1285 1392 1370 perdidisti,
1419 1287 1477 1350 si
1505 1306 1634 1351 non
1676 1285 2097 1366 festinaveris.
2141 1287 2329 1356 Tunc
2355 1309 2475 1356 rex
2500 1290 2569 1356 in
2595 1291 2804 1356 multo

321 1389 538 1453 Furore
575 1403 911 1465 accensus,
949 1388 1342 1469 congregata
1383 1385 1803 1452 multitudine
1854 1387 2193 1468 exercituS,
2234 1389 2417 1454 venit
2455 1388 2544 1456 ad
2583 1389 2804 1457 locum

317 1486 433 1553 ubi
463 1489 652 1552 erant
681 1485 794 1569 qui
834 1485 904 1550 in
942 1485 1156 1551 Deum
1197 1485 1574 1565 credebant,
1608 1488 1674 1551 et
1712 1484 1957 1552 faciens
1996 1487 2213 1570 capita
2250 1492 2502 1572 septem
2540 1491 2810 1556 concisit

217 1596 283 1644 «o
320 1605 434 1652 eos
463 1605 544 1652 ex
568 1585 747 1651 omni
768 1587 977 1668 parte.
1019 1583 1156 1650 Nec
1183 1584 1359 1650 enim
1390 1584 1743 1652 decollavit
1769 1605 1881 1651 eos
1901 1589 1977 1651 ut
2004 1589 2106 1652 est
2132 1587 2621 1654 consuetudinis
2644 1613 2661 1667 ς
2690 1589 2808 1656 sed

319 1685 487 1752 sicut
512 1685 706 1768 lupus
736 1683 1109 1768 ingrediens
1139 1683 1206 1748 in
1235 1681 1403 1749 ovile
1431 1684 1686 1770 absque
1715 1687 2004 1768 pastore,
2034 1686 2129 1752 sic
2158 1705 2269 1752 eos
2301 1686 2600 1753 concidit.

403 1791 518 1852 26.
564 1783 685 1849 His
715 1784 909 1866 igitur
929 1782 1228 1866 expletiS,
1246 1783 1445 1867 jussit
1464 1787 1785 1868 tyrannus
1811 1783 1952 1850 fieri
1976 1784 2313 1852 fornacem
2336 1789 2401 1852 et
2420 1787 2511 1852 ibi
2534 1806 2809 1871 corpora

319 1903 547 1951 eorum
577 1883 776 1961 mitti3
807 1884 874 1948 et
901 1881 1140 1948 sedens
1182 1900 1410 1966 prope,
1443 1881 1639 1966 jussit
1675 1902 1889 1968 usque
1934 1883 2001 1949 in
2036 1884 2239 1952 finem
2278 1887 2679 1952 concremari
2708 1905 2806 1952 ea.

319 1982 596 2048 Ministri
636 1984 860 2048 autem
895 1981 1067 2064 regis
1103 1981 1448 2048 habebant
1487 1981 1774 2048 bifurcas
1812 1981 2059 2049 ferreas
2089 1983 2159 2049 in
2198 1985 2505 2050 manibus
2544 1985 2699 2065 suis,
2742 1989 2808 2052 et

217 2101 284 2146 ⁴5
321 2081 464 2164 ipsa
493 2101 645 2147 ossa
673 2099 844 2165 quae
873 2100 1007 2147 non
1032 2080 1356 2147 ardebant
1386 2085 1819 2161 conterenteS,
1848 2084 2319 2150 convertebant
2357 2083 2444 2151 ad
2482 2085 2701 2168 ignem
2742 2088 2808 2151 et

321 2181 900 2247 comburebantur.
922 2179 1164 2246 Iterum
1187 2180 1375 2265 jubet
1396 2181 1637 2264 impius
1659 2180 1919 2246 adferre
1942 2200 2167 2248 saccos
2198 2186 2263 2249 et
2284 2182 2375 2248 ibi
2394 2183 2564 2249 mitti
2588 2183 2807 2250 favilla

322 2299 570 2360 eorum,
598 2283 674 2345 ut
705 2279 922 2345 nullus
960 2278 1465 2346 christianorum
1501 2284 1805 2364 tangeret
1839 2298 1939 2345 ea.
1995 2280 2079 2347 Et
2120 2280 2280 2348 dum
2314 2281 2439 2349 hoc
2475 2285 2804 2365 cogitaret,

319 2379 530 2445 oravit
579 2379 814 2445 beatus
873 2377 1398 2462 christophoruS,
1456 2378 1729 2445 dicens:
1794 2379 2197 2464 Omnipotens
2238 2381 2433 2464 Deus,
2472 2381 2804 2446 invisibilis

323 2476 642 2560 Salvator,
702 2479 892 2542 visita
949 2497 1156 2543 servos
1219 2487 1378 2544 tuos.
1437 2477 1718 2561 Intende,
1782 2476 2077 2563 Domine,
2142 2481 2489 2565 nequitiam
2538 2481 2802 2564 inimici,

215 2593 284 2642 20
324 2579 622 2663 quoniam
653 2584 972 2660 tyrannus
995 2576 1318 2662 yloriatur
1346 2577 1708 2662 disperdere
1744 2598 1889 2642 ossa
1935 2576 2335 2661 famulorum
2375 2585 2648 2645 tuorum.
2701 2579 2801 2644 Ta

319 2685 526 2742 autem
556 2677 798 2757 dixisti,
831 2675 1028 2761 Deus,
1056 2678 1209 2762 quia
1239 2697 1440 2742 unnim
1467 2697 1546 2741 ex
1574 2678 1660 2742 eis
1688 2696 1818 2742 non
1846 2685 2212 2744 conteretur.
2247 2677 2439 2743 Nunc
2466 2698 2607 2762 erqo
2646 2679 2801 2764 vide,

321 2778 611 2858 Domine,
649 2776 948 2842 contritos
981 2777 1262 2858 famulos
1302 2783 1442 2842 tuos
1479 2797 1675 2862 usque
1714 2779 1785 2840 in
1829 2777 2069 2843 ossibus
2097 2779 2231 2842 suis
2266 2784 2533 2862 propter
2580 2799 2803 2844 nomen

320 2885 518 2960 tuum,
543 2876 834 2956 Domine,
865 2883 920 2940 et
943 2875 1055 2959 fac
1079 2876 1601 2959 misericordiam,
1625 2883 1855 2960 pastor
1876 2875 2042 2942 bone.
2066 2877 2149 2943 Et
2184 2896 2333 2943 cum
2355 2877 2520 2944 haec
2548 2884 2801 2944 orasset

319 2980 583 3042 sanctus
640 2975 1169 3060 christophoruS,
1239 2979 1500 3042 amator
1566 2975 1821 3058 generis
1880 2976 2154 3042 humani
2227 2977 2403 3042 Deus
2474 2977 2805 3043 exaudivit

215 3096 282 3143 ss
319 3095 546 3158 preces
577 3075 740 3159 ejuS‚
771 3079 838 3141 et
868 3075 1082 3141 factus
1112 3079 1211 3140 est
1254 3080 1473 3141 terrae
1515 3078 1733 3141 motus
1777 3075 1948 3142 circa
1988 3075 2347 3153 fornacem,
2377 3076 2473 3142 ita
2513 3079 2589 3140 ut
2616 3075 2806 3141 sedes

319 3177 488 3259 regis
530 3179 768 3242 rueret.
810 3174 1428 3269 Multitudo‘autem
1471 3175 1760 3240 virorum
1796 3175 2103 3241 dixerunt
2129 3175 2265 3259 regi
2296 3197 2313 3240 ε
2360 3175 2513 3239 Vere
2540 3178 2805 3240 contris-

319 3277 472 3340 tasti
501 3275 708 3340 Deum
735 3281 792 3339 et
809 3276 1090 3359 peccasti
1117 3275 1188 3362 in
1212 3273 1533 3357 famulum
1581 3274 1741 3358 ejus.
1789 3274 2037 3340 Terrae
2067 3277 2287 3340 motus
2319 3277 2545 3340 autem
2571 3293 2807 3358 perse-

318 3376 592 3442 verabat
645 3394 856 3458 usque
917 3374 1006 3440 ad
1054 3392 1422 3457 vesperum,
1475 3377 1536 3438 et
1567 3393 1797 3439 omnes
1840 3374 1953 3456 qui
2000 3374 2089 3439 ibi
2121 3377 2309 3440 erant
2342 3373 2804 3458 fugin-unm).

319 3475 613 3540 Audiens
643 3477 864 3540 autem
888 3473 1384 3539 archidiaconus
1413 3473 1703 3556 episcopi
1732 3471 2301 3562 At[h]anasii,una
2324 3471 2805 3539 cumfratribus

214 3597 283 3646 30
321 3574 455 3640 suis
497 3577 860 3657 rapuerunt
901 3573 1210 3656 reliquias
1256 3575 1634 3638 sanctorum
1679 3575 1747 3637 et
1788 3573 2240 3655 praetulerunt
2268 3591 2383 3638 eas
2434 3571 2502 3637 in
2544 3572 2805 3638 civitate

320 3673 506 3739 Italia
547 3672 904 3756 superiore.
955 3672 1198 3737 Iterum
1240 3671 1432 3756 Jubet
1475 3670 1901 3755 impiissimus
1944 3691 2059 3737 rex
2106 3671 2329 3737 offerri
2368 3670 2490 3737 sibi
2532 3671 2805 3737 beatum

321 3772 881 3857 christophorum,
913 3775 980 3837 et
1002 3770 1157 3836 dicit
1182 3770 1272 3837 illi
1296 3793 1313 3836 ε
1336 3768 1620 3854 Rebrebe,
1649 3777 1722 3835 ut
1750 3769 1903 3855 quid
1931 3769 2053 3834 tale
2083 3769 2402 3835 decretum
2429 3768 2807 3835 desiderasti

320 3879 376 3938 et
415 3880 632 3937 tantas
671 3872 968 3936 insanias
1001 3868 1374 3935 ostendisti?
1401 3868 1594 3934 Nunc
1634 3889 1778 3954 erqo
1808 3870 2085 3933 consenti
2131 3867 2359 3955 absque
2392 3870 2720 3933 tormentis
2750 3877 2805 3934 et

319 3971 580 4037 immola
629 3972 882 4055 maynis
937 3969 1082 4034 diis.
1137 3968 1256 4034 Sin
1313 3975 1542 4052 autem,
1565 3987 1683 4052 per
1720 3967 1868 4032 deos
1914 3987 2205 4053 maqnos,
2238 3966 2403 4032 male
2454 3974 2511 4031 te
2554 3967 2803 4050 finiam.

217 4100 282 4150 35
319 4071 568 4155 Martyr
609 4075 830 4136 autem
873 4069 1113 4136 Christi
1165 4069 1370 4134 dicit:
1422 4065 1646 4133 Omnis
1701 4067 2065 4152 iniquitatis
2108 4068 2413 4151 inventor,
2456 4067 2806 4150 discipulus

317 4169 576 4252 diaboli,
604 4176 893 4235 aeternae
921 4187 1178 4234 consors
1202 4166 1534 4253 yehennae,
1553 4167 1706 4250 jam
1734 4173 1937 4231 certus
1961 4165 2179 4249 factus
2220 4187 2283 4231 es
2324 4167 2479 4253 quia
2500 4168 2589 4231 eis
2616 4166 2728 4251 qni
2762 4185 2804 4230 a

317 4276 374 4335 te
399 4270 494 4334 dii
528 4269 832 4335 dieantur
871 4288 1066 4354 neque
1093 4268 1408 4332 consentio
1435 4284 1629 4352 neque
1665 4265 1977 4348 sacrifico·
2022 4264 2241 4331 Habeo
2286 4265 2549 4348 firmum
2596 4265 2805 4330 Deum

317 4371 427 4455 qui
455 4389 550 4433 me
575 4367 742 4452 feeit.
773 4368 1010 4434 Decius
1041 4366 1237 4434 dicit:
1281 4365 1647 4450 Adferatur
1677 4365 1847 4448 lapis
1875 4385 2167 4449 maynus,
2196 4385 2377 4451 quem
2404 4366 2511 4430 vix
2540 4367 2804 4449 triqinta

303 4469 564 4554 juvenes
590 4487 830 4533 movere
839 4472 1129 4552 possunt.
1161 4466 1244 4531 Et
1281 4465 1474 4550 J‘ussit
1520 4465 1735 4530 forare
1780 4463 2069 4547 lapidem
2116 4467 2183 4530 et
2210 4465 2300 4530 ibi
2326 4462 2495 4529 mitti
2536 4464 2803 4548 capillos

215 4593 282 4645 ιο
321 4567 552 4651 capitis
575 4567 716 4651 ejus
775 4571 840 4633 et
861 4567 1036 4632 trahi
1055 4584 1176 4649 per
1197 4583 1463 4631 omnem
1486 4563 1801 4648 plateam.
1844 4562 2009 4630 Cutn
2033 4567 2259 4631 autem
2288 4563 2623 4629 traherent
2650 4583 2803 4629 eum

388 4789 463 4852 (1)
491 4787 554 4843 In
579 4787 686 4841 hac
713 4785 1058 4857 paragrapho
1078 4786 1236 4855 plura
1253 4785 1322 4840 de
1345 4801 1447 4839 suo
1475 4783 1712 4839 obtrusit
1745 4783 1947 4839 latinus
1970 4784 2256 4854 interpres,
2274 4798 2474 4854 nempe
2486 4783 2807 4839 incendium

322 4885 616 4939 corporum
639 4871 918 4926 sociorum
943 4869 996 4925 S.
1020 4867 1419 4939 Christophori,
1445 4871 1626 4923 terrae
1648 4872 1887 4934 motum,
1910 4867 2249 4922 ablationem
2274 4865 2651 4936 reliquiarum.
