3425 5584
608 455 750 532 106
1501 473 1690 528 acu
1738 475 1801 528 s.
1852 472 2191 528 mooun

601 669 854 764 ἀρκέσαι
895 665 1275 765 ὀφειλόντας,
1319 667 1550 746 παντὸς
1599 669 1927 764 τοιγαροῦν
1992 668 2103 736 τοῦ
2168 663 2563 746 συνελθόντος
2621 663 2819 763 ὄχλου
2870 667 3082 738 ἐνθάδε

600 785 1045 878 ἀριστήσαντος
1077 783 1180 852 καὶ
1211 781 1676 879 χορτασθέντων
1725 785 2039 862 ἁπάντων,
2077 784 2158 850 τὰ
2190 785 2313 850 τῶν
2348 781 2553 876 ἄρτων
2603 783 3083 876 περιττώσαντα

601 897 930 993 κλάσματα
963 901 1062 995 ὑφ’
1091 901 1274 993 ἡμῶν
1319 897 1701 994 συναχθέντα
1740 898 1831 996 ἐφ’
1864 899 2076 994 δτίρας
2098 897 2207 966 δύο
2242 897 2592 989 ἑβδομάδας
2626 901 2757 978 τοῖς
2781 899 2895 967 σὺν
2926 901 3083 991 ἡμῖν

600 1017 870 1110 πατράσι
917 1009 1275 1110 παραδόξως
1318 1015 1684 1108 ἐπήρκεσαν.
1730 1013 1875 1084 Μετ’
1914 1017 1987 1084 ού
2036 1011 2233 1083 πολὺν
2282 1013 2349 1082 δδ
2397 1015 2631 1109 χρόνον
2673 1013 2945 1109 ἔμπορός
2986 1040 3082 1092 τις

601 1133 754 1226 πρὸς
791 1131 1000 1226 βραχὺ
1038 1133 1228 1225 χάριν
1277 1132 1473 1225 εὐχῆς
1519 1134 1609 1209 είς
1649 1131 1768 1212 τὴν
1818 1131 2003 1228 ἁγίαν
2042 1126 2438 1211 άνεληλυθὼς
2500 1126 2686 1198 πόλιν
2736 1127 3084 1226 ἀπήγγειλε
3118 1150 3151 1196 u

601 1249 733 1326 τοῖς
780 1245 1011 1328 ταύτης
1068 1245 1418 1340 οἰκήτορσιν
1463 1249 1556 1325 είς
1597 1242 1913 1314 θάλασσαν
1962 1243 2255 1339 εὑρῆσθαι
2302 1247 2523 1313 τοῦτον
2566 1246 2689 1339 πρὸ
2722 1243 2831 1314 δύο
2866 1247 3083 1338 μηνῦν

603 1359 870 1431 πλέοντα
925 1363 1096 1455 παρὰ
1137 1362 1254 1442 τὴν
1299 1363 1424 1457 γῆν
1470 1360 1575 1429 καὶ
1631 1359 1969 1430 τεθεᾶσθαι
2026 1362 2265 1456 σίφωνα
2313 1365 2391 1458 τῇ
2440 1357 2722 1458 θαλάσσῃ
2768 1361 3085 1456 ἐφεστῦτα

603 1481 810 1574 φωνῆς
842 1503 911 1546 τε
955 1476 1068 1546 σὺν
1133 1479 1265 1556 τοῖς
1313 1479 1620 1556 ναυτικοῖς
1679 1477 2008 1560 ἀκηκοέναι
2070 1473 2433 1572 λεγούσης·
2508 1473 2847 1557 Ἄντλησον
2921 1475 3083 1568 ὕδωρ

603 1592 874 1688 ταχέως,
917 1591 1023 1658 καὶ
1057 1594 1146 1668 εἰς
1181 1592 1253 1659 τὸ
1287 1590 1698 1686 μονασσθριον
1736 1589 2035 1686 Θεογνίου
2069 1592 2385 1686 ἀπάγαγε.
2424 1590 2815 1670 Ἀκούσαντες
2862 1586 2969 1660 οὗν
3010 1595 3083 1657 τὸ

571 1705 822 1804 ’λεχθὲν
874 1709 934 1776 οἱ
973 1703 1226 1774 πολῖται
1279 1703 1558 1802 ἔγνωσαν
1600 1707 1698 1775 δτι
1742 1707 1816 1775 τὸ
1858 1703 2058 1775 πάλαι
2102 1704 2371 1800 δωρηθεν
2412 1708 2567 1797 ἡμῖν
2626 1705 2789 1800 ὕδωρ
2836 1711 2915 1804 τῇ
2963 1709 3081 1786 τῆς
3120 1725 3186 1774 ιο

603 1820 861 1920 νεφέλης
913 1823 1242 1916 ὑπηρεσία,
1297 1823 1481 1891 τοῦτο
1513 1821 1795 1918 ὑπῆρχεν
1828 1823 1901 1892 τὸ
1938 1825 2105 1916 παρὰ
2134 1823 2245 1890 τοῦ
2288 1820 2609 1915 ἀνθρώπου
2656 1819 3046 1918 ἀπαγγελθέν
3060 1841 3079 1860 ·

605 1938 709 2007 καὶ
739 1939 904 2035 ταχὺ
939 1936 1339 2032 ἐκδραμόντες
1373 1935 1630 2007 ἐνταῦθα
1659 1939 1741 2005 τὰ
1772 1935 2033 2031 ρηθέντα
2064 1936 2402 2028 ἐμήνυσαν.

704 2177 822 2240 23.
857 2171 1294 2260 {Epilogus}
1331 2168 1420 2236 Σὺ
1457 2170 1570 2260 μἐν
1599 2162 1734 2244 οὖν,
1774 2162 1825 2234 ὦ
1858 2169 2053 2260 πάτερ
2086 2165 2363 2262 Θεόγνιε,
2398 2167 2514 2246 τὴν
2546 2163 2944 2261 πολύμοχθον
2978 2167 3081 2232 καὶ

605 2288 916 2380 ναυαγίων
949 2285 1054 2351 καὶ
1087 2285 1388 2379 μερίμνης
1435 2283 1684 2365 ἁπάσης
1733 2285 2077 2375 ἀνάμεστον
2118 2279 2437 2349 θάλασσαν
2478 2277 2859 2359 καταλιπὼν,
2910 2283 3079 2357 ἐντός

605 2425 674 2466 τε
705 2403 818 2481 τῆς
843 2398 1144 2494 ἀθορύβου
1179 2401 1412 2480 ἐκείνης
1439 2398 1757 2495 διαγωγῆς
1786 2399 2139 2496 γενόμενος,
2180 2395 2509 2492 ἀκηράτοις
2546 2395 2939 2491 εὐφροσύναις
2974 2399 3076 2464 καὶ
3113 2431 3184 2480 η

607 2517 953 2610 χαρμοναῖς
986 2511 1279 2596 ἀλήκτοις
1312 2513 1676 2611 ἐπαναπαύῃ
1707 2511 1927 2582 λοιπὸν
1960 2517 2047 2592 είς
2080 2515 2454 2606 ἀπεράντους
2484 2515 2737 2591 αἰῶνας.
2756 2511 2971 2604 Ἡμεῖς
3004 2511 3071 2580 δὲ

611 2630 702 2698 ἔτι
734 2627 1025 2708 πλέοντες
1049 2631 1120 2698 τὸ
1143 2627 1418 2726 πέλαγος
1442 2633 1554 2712 τῆς
1581 2627 1965 2723 ἀνθρωπίνης
1988 2628 2308 2710 ζωῆς,τοῦ
2331 2626 2595 2722 Θορύβου
2620 2629 2723 2696 καὶ
2748 2629 2857 2696 τοῦ
2882 2624 3077 2695 σάλου

600 2922 744 3005 jam
769 2921 1077 2988 universa
1103 2939 1278 3006 quae
1305 2924 1726 2988 concurrerat
1770 2919 2187 2988 multitudine
2214 2919 2321 2986 hic
2366 2938 2611 3003 pransa
2651 2923 2717 2988 et
2764 2919 3079 2986 samratis

608 3020 934 3100 omnibuS‚
963 3040 1136 3105 quae
1183 3023 1573 3105 supererant
1613 3037 1859 3104 panum
1900 3020 2265 3104 fragmenta
2313 3039 2354 3085 a
2402 3020 2593 3086 nobis
2639 3019 2913 3085 collecta
2959 3037 3083 3107 per

607 3121 776 3187 duas
805 3120 970 3186 alias
1005 3119 1460 3186 hebdomadas
1499 3119 1801 3205 patribus
1830 3119 1944 3204 qui
1990 3119 2333 3186 nobiscum
2385 3123 2572 3185 erant
2619 3118 3086 3186 incredibiliter

607 3221 1082 3303 suppetierunt.
1105 3218 1304 3286 Haud
1326 3219 1440 3285 diu
1466 3223 1639 3303 post,
1661 3222 1991 3285 mercator
2016 3217 2307 3302 quidam,
2332 3217 2445 3303 qui
2467 3216 2555 3284 ad
2576 3218 2777 3284 breve
2796 3221 3083 3301 tempus,

606 3318 840 3384 orandi
860 3337 1080 3396 causa,
1093 3317 1162 3384 in
1187 3322 1488 3384 sanctam
1514 3318 1901 3384 ascenderat
1920 3316 2042 3382 civi
2050 3321 2269 3395 tatem,
2283 3318 2578 3384 narravit
2598 3315 2741 3400 ejus
2762 3316 2987 3384 incolis
3010 3335 3085 3382 se

609 3418 765 3481 ante
815 3413 979 3482 duos
1027 3435 1290 3482 menses
1317 3415 1386 3482 in
1414 3415 1582 3482 mari
1609 3415 1937 3483 occurisse
1966 3416 2117 3482 huic
2160 3415 2449 3501 [sancto]
2492 3415 2825 3499 naviganti
2853 3433 3085 3481 versus

608 3518 854 3580 terram
897 3517 965 3580 et
988 3513 1228 3582 vidisse
1269 3515 1616 3597 siphonem
1655 3515 1824 3581 mari
1853 3515 2253 3598 impositum,
2294 3515 2623 3599 simulque
2672 3532 2823 3581 cum
2862 3513 3087 3580 nautis

611 3630 838 3677 vocem
871 3611 1196 3679 audivisse
1225 3613 1549 3680 dicentem
1578 3635 1597 3680 ι
1626 3613 1916 3680 Exantla
1946 3634 2183 3700 aquam
2212 3615 2353 3697 cito,
2394 3620 2449 3678 et
2493 3613 2585 3678 ad
2630 3613 3087 3679 monasterium

623 3709 924 3794 Theoqnii
967 3710 1123 3776 educ
1168 3710 1445 3798 [illamj.
1489 3711 1658 3780 Cum
1706 3713 1903 3797 igitur
1950 3713 2077 3780 hoe
2126 3713 2373 3779 dictum
2428 3711 2837 3778 audivissent
2889 3711 3087 3792 cives,

614 3813 1055 3892 cognoverunt
1101 3809 1416 3878 donatam
1471 3812 1664 3878 nobis
1713 3813 1867 3878 olim
1923 3831 2169 3895 aquam
2224 3813 2419 3877 nubis
2472 3812 2855 3890 ministerio,
2910 3810 3087 3876 hanc

613 3908 826 3992 ipsam
854 3927 1000 3975 esse
1047 3928 1250 3993 quam
1298 3911 1400 3976 vir
1446 3910 1572 3978 iste
1617 3909 2051 3995 significabat,
2102 3911 2457 3994 statimque
2499 3913 2913 3976 accurrentes
2952 3909 3091 3975 huc

613 4006 791 4072 dicta
817 4011 1271 4075 narraverunt.

1665 4223 2034 4300 mosuo-

695 4423 813 4482 23.
861 4415 962 4480 Tu
995 4416 1206 4500 igitur,
1235 4421 1427 4501 pater
1455 4417 1772 4500 Theogni‚
1796 4417 1908 4501 qui
1938 4418 2274 4485 laboribus
2308 4419 2994 4502 obsitum-naufragiis
3022 4423 3123 4485 et·

613 4514 1041 4581 sollicitudine
1063 4517 1242 4581 omni
1283 4516 1608 4600 repletum
1638 4535 1824 4582 mare
1852 4517 2113 4599 liquisti,
2146 4521 2214 4583 et
2245 4517 2415 4584 intra
2444 4518 2865 4603 tranquillam
2908 4517 3103 4584 illam

613 4615 784 4680 vitae
811 4615 1258 4681 condicionem
1287 4615 1658 4699 pervenisti,
1689 4615 1758 4680 in
1801 4619 1985 4698 puris
2004 4661 2007 4666 -
2025 4617 2279 4701 gaudiis
2309 4621 2377 4683 et
2403 4617 2649 4683 deliciis
2688 4616 3099 4701 perennibus

613 4713 889 4796 quiescis
918 4713 1226 4798 deinceps
1257 4713 1324 4778 in
1363 4713 1622 4780 infinita
1649 4715 1934 4781 saecula.
1988 4716 2125 4781 Nos
2173 4718 2394 4782 autem
2438 4717 2653 4782 adhuc
2699 4717 3100 4800 navigantes

612 4811 680 4876 in
707 4812 939 4895 pelago
979 4811 1311 4880 humanae
1353 4814 1546 4893 vitae,
1589 4813 1963 4893 tumultum,
2006 4814 2429 4897 agitationem
2472 4818 2539 4881 et
2578 4815 3101 4883 amaritudinem
