3425 5584
1197 462 1260 515 S.
1312 461 1869 515 CHRISTOPHORI.
2646 442 2789 517 397

300 654 526 721 iniunt.
553 654 652 721 mi
683 658 908 720 autem
935 652 1278 721 dixerunt:
1323 652 1636 745 Sumptus
1675 653 1888 717 nostri
1920 670 2264 743 expensum
2290 658 2379 717 est
2410 672 2489 719 επ
2512 659 2787 739 tempore

302 754 473 841 quod
513 761 570 820 te
609 754 998 840 quaerimus.
1047 752 1239 819 Nunc
1277 760 1491 823 autem
1539 754 1599 817 si
1641 750 1757 817 tibi
1794 772 1925 817 non
1956 752 2165 837 placet
2198 753 2409 819 venire
2446 752 2788 837 nobiscum,

300 874 576 921 remane.
603 854 684 920 Et
707 853 865 919 dicit
890 854 1015 920 eis:
1039 852 1275 919 Audite
1293 872 1502 917 meam
1523 872 1749 929 vocem,
1778 856 1837 917 et
1860 851 2329 917 manducabitis
2348 851 2535 919 bona.
2556 853 2791 921 Milites

301 958 526 1023 autem
551 956 863 1039 prompto
890 953 1112 1020 animo
1139 952 1481 1019 dixerunt:
1513 951 1686 1032 Quid
1705 958 1796 1016 est
1814 950 1985 1039 quod
2002 951 2146 1016 eis?
2168 950 2297 1017 Dic
2315 951 2509 1018 nobis.
2533 952 2614 1018 Et
2634 952 2789 1020 dicit

236 1066 270 1116 e
303 1055 429 1121 illis
450 1076 468 1121 ε
499 1052 808 1138 Deponite
833 1072 908 1117 ca
930 1072 1093 1138 quae
1119 1057 1578 1137 superaverunt
1603 1050 1797 1133 vobis,
1818 1056 1877 1115 et
1896 1050 2091 1117 orabo
2110 1070 2235 1136 pro
2256 1051 2427 1117 vobis
2447 1052 2539 1117 ad
2560 1052 2789 1117 Domi-

301 1175 460 1219 num
487 1173 714 1237 meum,
735 1160 793 1217 et
819 1151 1104 1217 videbitis
1131 1154 1423 1217 virtutem
1445 1150 1574 1217 Dei
1599 1152 1745 1217 mei.
1774 1150 2019 1217 lterum
2039 1152 2200 1219 dicit
2226 1152 2319 1219 eis
2343 1151 2367 1219 τ’
2415 1150 2585 1219 Vivit
2614 1152 2791 1219 Deus

301 1256 376 1319 in
422 1273 604 1339 quem
651 1250 914 1335 credidi,
955 1254 1112 1339 quia
1156 1272 1396 1337 panem
1451 1250 1892 1317 abundantiae
1950 1250 2117 1315 dabo
2170 1250 2359 1317 vobis.
2418 1252 2513 1319 Illi
2568 1257 2793 1318 autem

303 1353 650 1420 dixerunt:
701 1350 1036 1417 Credimus
1075 1350 1209 1433 tibi,
1235 1352 1392 1437 quia
1433 1351 1659 1437 παφα·
1699 1350 1827 1415 Dei
1862 1348 2051 1415 homo
2090 1370 2155 1415 es
2188 1357 2277 1416 tu.
2310 1350 2499 1417 Tunc
2526 1356 2792 1417 sanctus

303 1453 536 1529 oravit,
565 1450 790 1519 dicens
817 1476 848 1516 :·
867 1450 1142 1517 Domine
1169 1450 1328 1521 Jesu
1359 1448 1626 1533 Christe,
1653 1451 1767 1536 qui
1792 1451 2065 1536 quinque
2096 1470 2303 1535 panes
2330 1448 2701 1516 benedixisti
2738 1458 2793 1515 et

205 1560 272 1611 ae
307 1551 774 1617 multitudinem
830 1553 1150 1636 copiosam
1198 1552 1536 1629 saturasti,
1585 1548 1765 1616 Deus
1810 1569 2005 1632 meus,
2041 1550 2279 1615 exaudi
2319 1570 2416 1615 me
2465 1549 2791 1634 famulum

303 1657 482 1715 tuum
517 1657 575 1714 et
596 1648 712 1732 fac
735 1670 978 1714 mecum
1007 1648 1532 1732 misericordiam,
1555 1654 1627 1713 ut
1652 1666 1869 1713 omnes
1904 1647 2010 1713 laic
2036 1648 2367 1714 adstantes
2392 1648 2464 1713 in
2490 1648 2613 1713 hac
2639 1668 2795 1713 ora·

305 1752 469 1815 tione
497 1751 592 1814 tui
618 1750 784 1813 servi
809 1746 1178 1831 efficiantur
1199 1757 1257 1814 et
1271 1748 1626 1834 ylorificent
1651 1754 1712 1812 te
1735 1766 1956 1812 verum
1984 1746 2214 1814 Deum.

389 1859 459 1917 ’1.
493 1848 842 1916 Exaudivit
862 1849 1182 1915 Dominus
1203 1848 1739 1933 deprecationem
1759 1848 1937 1914 servi
1955 1848 2080 1928 sui,
2091 1852 2161 1913 et
2180 1848 2445 1914 mittens
2466 1847 2792 1931 angelum,

303 1948 640 2015 benedixit
667 1968 896 2032 paneS,
924 1953 993 2015 et
1021 1948 1438 2031 multiplicati
1479 1951 1636 2015 sunt
1679 1949 1777 2014 ita
1816 1951 1895 2014 ut
1934 1966 2165 2014 omnes
2208 1950 2685 2022 saturarentur,
2728 1952 2795 2013 et

205 2065 268 2115 te
306 2048 602 2114 sacculos
629 2068 784 2114 suos
812 2048 1268 2131 impleverunt.
1291 2048 1374 2113 Et
1394 2042 1925 2131 glorificaverunt
1946 2046 2155 2113 Deum
2186 2051 2252 2112 et
2274 2046 2608 2113 dixerunt:
2637 2045 2793 2112 Vere

306 2166 582 2231 maynus
607 2153 696 2211 est
727 2146 904 2213 Deus
945 2145 1444 2211 christianorum
1489 2152 1546 2211 et
1586 2144 1851 2211 exaudit
1878 2164 1979 2209 eos
1998 2146 2112 2231 qui
2136 2153 2397 2229 sperant
2414 2147 2487 2209 in
2513 2164 2675 2209 eum.
2704 2143 2792 2209 Et

307 2266 424 2311 nos
449 2245 766 2311 credimus
785 2248 857 2309 in
883 2266 1024 2311 eum
1043 2266 1166 2331 per
1192 2266 1373 2331 quem
1395 2244 1517 2310 has
1537 2246 1801 2310 oie-tutes
1816 2244 2007 2327 facis,
2020 2246 2175 2329 quia
2188 2250 2413 2328 potens
2432 2250 2521 2308 est
2539 2243 2794 2309 salvare

306 2366 440 2411 nos.
463 2346 710 2412 Beatus
739 2348 964 2412 antem
993 2345 1338 2411 Rehrebus
1366 2344 1584 2430 coepit
1603 2344 1907 2428 psallere,
1934 2344 2201 2409 dicens:
2230 2342 2392 2408 Ecce
2416 2362 2588 2407 nunc
2620 2342 2794 2409 bene·

305 2445 494 2511 dicite
521 2444 895 2528 Dominum,
929 2464 1142 2510 omnes
1181 2446 1348 2510 servi
1388 2444 1678 2509 Domini.
1706 2441 2231 2528 Raemndebmt
2270 2446 2495 2510 autem
2537 2442 2794 2509 milites

197 2559 270 2611 πο
303 2544 648 2628 completo
691 2563 850 2610 vero
888 2544 1166 2627 psalmo,
1193 2544 1583 2610 inclinantes
1624 2562 1845 2626 genua
1890 2561 2015 2608 sua
2053 2542 2517 2609 adoraverunt.
2544 2542 2627 2607 Et
2652 2560 2797 2607 sur-

305 2648 556 2729 gentes,
599 2648 1020 2709 arcesserunt
1057 2644 1521 2728 presbyterum
1551 2644 1589 2685 *
1631 2642 1844 2709 sancti
1884 2641 2028 2721 loci,
2068 2642 2339 2707 nomine
2378 2640 2649 2707 Petrum
2682 2641 2794 2724 (1).

302 2743 589 2809 Veniens
659 2746 884 2809 autem
955 2742 1316 2828 baptizavit
1388 2742 1648 2823 milites,
1720 2740 2020 2807 similiter
2088 2744 2312 2808 autem
2392 2746 2459 2807 et
2525 2740 2795 2807 beatum

305 2840 711 2919 Rehrehum,
740 2844 808 2905 et
834 2840 1094 2907 vocavit
1119 2858 1363 2906 nomen
1405 2840 1548 2923 eJ'us
1576 2838 2093 2923 christophorus
2114 2839 2170 2918 ²⁸¹,
2210 2838 2280 2905 id
2322 2842 2424 2905 est
2466 2838 2795 2905 Christum

303 2940 584 3007 induens
612 2940 726 3023 (Ξ).
2107 2942 2116 2950 ’

199 3061 272 3112 ne
389 3047 458 3106 8.
487 3039 846 3123 Baptizatis
891 3042 1114 3105 autem
1165 3038 1280 3117 eis,
1329 3037 1781 3105 exultantibus
1830 3037 1899 3103 in
1934 3036 2237 3117 Domino,
2288 3037 2504 3122 coepit
2560 3038 2795 3103 beatus

304 3138 816 3223 christophorus
845 3138 1198 3205 exhortare
1224 3158 1340 3204 eos
1362 3142 1434 3204 et
1460 3136 1682 3203 dicere
1709 3136 2023 3203 :Fratres
2044 3139 2165 3202 mei
2184 3136 2593 3219 dilectissimi,
2614 3156 2797 3222 quem

303 3238 578 3321 confessi
602 3238 750 3303 estis
773 3244 890 3301 aut
916 3236 1008 3301 ad
1039 3256 1116 3301 cu
1109 3236 1228 3321 jus
1255 3236 1556 3301 militiam
1587 3238 1925 3321 provocati
1950 3237 2117 3318 estis,
2146 3234 2325 3300 Deus
2352 3236 2515 3300 enim
2548 3242 2656 3319 est,
2685 3238 2796 3321 qui

304 3338 548 3401 vocavit
566 3355 676 3401 vos
705 3335 796 3400 ad
822 3354 1014 3401 suum
1034 3354 1316 3421 reynum.
1345 3334 1517 3416 Quid
1536 3334 1731 3400 o'ultis
1754 3342 1829 3399 ut
1853 3334 2335 3418 faciamus?llli
2364 3337 2589 3401 autem
2613 3335 2797 3401 dixe·

305 3440 462 3502 runt
487 3436 546 3502 ei
570 3436 739 3501 sicut
769 3455 850 3501 ex
878 3454 1012 3502 uno
1033 3454 1148 3501 ore
1180 3459 1198 3502 ε
1229 3434 1408 3499 Deus
1448 3454 1567 3499 nos
1607 3435 2025 3499 inluminavit
2060 3455 2179 3519 per
2216 3440 2292 3499 te.
2327 3432 2520 3499 Nunc
2547 3454 2691 3519 erqo
2720 3442 2795 3500 tu

207 3554 276 3607 30
311 3534 634 3600 nobiscum
673 3554 764 3617 es,
810 3534 982 3620 quod
1019 3536 1136 3616 vis,
1161 3534 1300 3617 fiat.
1351 3533 1479 3612 Qui
1521 3533 1681 3600 dicit
1709 3534 1807 3600 eis
1837 3556 1855 3599 :
1884 3534 2136 3602 Eamus
2162 3554 2307 3619 erqo
2355 3533 2447 3598 ad
2470 3552 2695 3618 reyem,
2726 3542 2798 3599 ut

311 3634 626 3699 meliorem
659 3654 964 3699 coronam
992 3634 1406 3718 accipiamus.
1438 3630 1688 3699 Omnes
1730 3636 1957 3699 autem
1986 3638 2293 3717 prompto
2314 3632 2543 3699 animo
2584 3633 2795 3711 ibant,

307 3730 632 3797 habentes
659 3730 878 3797 Deum
905 3750 1147 3797 secum.
1169 3731 1414 3796 Iterum
1436 3729 1595 3797 dicit
1617 3729 1714 3796 eis
1735 3731 1973 3797 heatus
1994 3730 2501 3814 christophorus
2524 3730 2793 3814 :Videte,

301 3829 570 3912 fratres,
598 3836 668 3894 ut
711 3849 856 3893 cum
901 3828 1288 3895 induxeritis
1338 3848 1436 3893 me
1483 3830 1575 3894 ad
1611 3850 1841 3915 reyem,
1868 3831 2089 3895 omma
2136 3850 2297 3917 quae
2321 3832 2799 3915 praecipientur

307 3928 479 3994 vobis
493 3930 762 4013 faciatis
782 3928 1012 4016 absque
1030 3928 1438 3994 dubitatione.
1462 3928 1604 4015 qu
1632 3949 1778 3994 vero
1808 3949 1935 4015 pro
1960 3928 2130 3995 vobis
2157 3929 2370 4013 orabo,
2399 3936 2457 3995 et
2494 3932 2659 3995 sicut
2700 3950 2801 3995 me

201 4050 278 4102 3⁸
315 4028 606 4095 videritis
642 4030 1004 4114 ayonizare,
1031 4036 1090 4094 et
1118 4048 1224 4093 vos
1250 4028 1546 4093 similiter
1568 4029 1857 4112 faciatis.
1880 4028 2065 4095 Haec
2098 4032 2324 4095 autem
2375 4048 2454 4095 eo
2503 4029 2788 4108 dicente,

310 4128 761 4213 properabant
802 4129 890 4195 ad
933 4128 1288 4195 civitatem.
1311 4128 1395 4195 Et
1434 4128 1590 4195 dicit
1617 4128 1714 4195 eis
1741 4130 1978 4195 heatus
2018 4128 2531 4212 christophorus
2566 4151 2583 4195 z
2614 4128 2797 4195 Fra-

309 4234 438 4293 tres
477 4229 621 4308 mei‚
646 4228 838 4314 liyate
871 4247 986 4312 me,
1013 4248 1092 4293 ne
1127 4228 1298 4311 forte
1327 4235 1394 4292 ut
1421 4227 1566 4314 quis
1591 4226 1761 4293 videt
1784 4247 1882 4292 me
1904 4248 2034 4293 non
2060 4228 2350 4315 liqatum,
2386 4236 2631 4294 accuset
2656 4248 2790 4312 vos,

375 4508 453 4573 (1)
476 4506 542 4561 In
565 4510 722 4561 textu
742 4522 940 4577 graeco
963 4506 1254 4576 Reprobas
1276 4506 1588 4577 baptizetur
1614 4522 1649 4561 ι
1667 4512 1865 4562 saneto
1888 4506 2113 4578 Babylo,
2136 4508 2397 4578 episcopo
2431 4508 2797 4567 Antiocheno,

303 4590 458 4659 qnod
491 4589 618 4658 inre
657 4594 722 4643 nt
754 4588 1074 4644 fabulosum
1115 4588 1332 4645 notavit.
1371 4588 1728 4645 normannus
1767 4590 1995 4655 Usener,
2018 4606 2109 4660 op.
2128 4590 2236 4658 cit„
2260 4607 2311 4661 p.
2334 4592 2417 4647 63.
2440 4618 2505 4631 ·-
2543 4591 2619 4657 (Ξ)
2646 4590 2803 4647 Haec

303 4673 490 4741 glossa
525 4686 670 4742 quse
706 4671 862 4727 deest
893 4672 952 4727 in
985 4688 1186 4741 graece
1217 4673 1542 4728 recensione
1573 4673 1877 4742 respondet
1916 4672 1990 4728 nd
2030 4672 2274 4728 litteram
2318 4674 2493 4729 textui
2538 4673 2751 4743 syriaco
2784 4694 2798 4728 ε

308 4730 694 4819 ma&
769 4730 973 4817 aa&
1001 4798 1022 4833 ,
1073 4754 1250 4810 immo
1296 4755 1520 4811 videtur
1551 4771 1588 4810 a
1633 4754 1823 4825 lingua
1866 4756 2147 4811 uam-ica
2189 4755 2453 4812 derivata.
2498 4756 2715 4812 Etenim
2752 4756 2797 4811 si

305 4854 340 4894 e
354 4852 553 4908 graeco
574 4836 769 4894 fnisset
791 4838 1083 4910 descripte,
1107 4838 1378 4909 interpres
1398 4838 1592 4894 somn
1612 4836 1847 4894 dixinet
1862 4858 1880 4894 x
1905 4838 2189 4895 awa·
2202 4840 2403 4908 ferens.

2845 2672 3219 2767 presbyterem

2961 2827 3217 2977 ³⁶33...

2913 3029 3171 3096 deinceps.
