3425 5584
1309 489 1402 541 nr:
1451 489 1515 542 s,
1565 489 1809 544 sanus.
2652 473 2803 548 425

1549 895 1585 969 1

313 1126 681 1231 VITA
791 1125 1349 1232 SANCTI
1467 1126 2062 1233 SIDONII
2155 1128 2797 1236 ABBATIS

441 1380 534 1426 ccx
560 1365 795 1428 veteri
821 1368 976 1428 cod.
1008 1365 1360 1428 ecolesma
1387 1367 1568 1428 Ursi
1593 1365 1847 1440 campi
1871 1381 2095 1440 prope
2122 1367 2528 1429 noviomam
2557 1363 2671 1449 (1).

402 1709 456 1785 Ι.
489 1709 856 1803 Tempore
889 1710 1018 1785 illo
1059 1725 1098 1764 α
1127 1732 1282 1806 quo
1329 1709 1753 1786 Clodoveus
1808 1710 2011 1786 filius
2043 1709 2443 1805 Dagoberti
2486 1713 2798 1808 maioris

303 1846 620 1920 regnum
687 1825 1152 1902 Francorum
1220 1825 1500 1921 optime
1571 1827 1922 1921 regebat,
1984 1826 2305 1903 eximiae
2378 1829 2799 1906 sanctitatis

303 1941 438 2032 vir,
499 1941 764 2016 beatus
823 1941 1101 2018 scilicet
1155 1941 1632 2034 PbilibertuS,
1681 1943 1999 2018 obtentu
2056 1943 2301 2018 sancti
2360 1945 2383 1984 ¹
2430 1944 2797 2038 praesulis

305 2053 651 2129 Audoeni
671 2055 722 2148 ⁸,
749 2075 1006 2132 sacrae
1032 2055 1401 2132 Bathildis
1427 2055 1811 2159 suffragio,
1824 2057 2079 2132 locum
2105 2056 2187 2131 in
2216 2078 2415 2152 pago
2434 2057 2795 2133 Rotoma-

242 2195 274 2243 ο
312 2171 544 2263 gensi,
595 2169 724 2263 qui
791 2170 1298 2247 Gemmeticus
1359 2157 1649 2262 dicitur,
1701 2170 1799 2246 ad
1866 2173 2461 2247 construendum
2519 2171 2797 2248 ibidem

306 2285 750 2360 coenobium
777 2309 826 2360 a
853 2287 1229 2380 praedicto
1253 2307 1426 2381 rege
1449 2285 1825 2362 Clodoveo
1857 2285 2301 2382 impetravit3
2330 2289 2463 2382 qui
2494 2289 2795 2364 favente

305 2401 629 2476 Domino
670 2401 700 2442 ⁸
733 2401 811 2476 in
850 2401 1058 2478 brevi
1107 2407 1444 2497 tempore
1487 2401 1596 2477 ita
1645 2403 1971 2478 excrevit
2006 2407 2089 2478 ut
2122 2401 2203 2478 in
2236 2408 2793 2499 nongentorum

305 2517 854 2593 monachorum
903 2525 979 2593 et
1023 2516 1227 2594 mille
1271 2511 1859 2612 quingentorum
1908 2519 2371 2593 famulorum
2428 2540 2795 2594 numerus

307 2633 749 2726 quantitatis
805 2633 835 2674 ⁴
882 2633 1048 2728 ejus
1116 2638 1698 2727 computaretur.
1758 2631 1976 2723 Quod
2024 2655 2210 2710 sane
2266 2634 2455 2709 nulli
2514 2633 2793 2710 mirum

205 2778 267 2826 ao
304 2748 537 2822 videri
584 2753 853 2843 potest.
887 2748 1082 2824 Nam
1115 2749 1522 2825 venerandi
1566 2747 1803 2842 patris
1842 2747 2227 2824 Philiberti
2260 2749 2467 2826 fama
2500 2749 2796 2844 egregia

306 2869 380 2939 et
422 2864 567 2939 loci
617 2863 1200 2958 circumquaque
1232 2865 1472 2940 effusa
1497 2863 1784 2958 relligio
1818 2865 1911 2938 de
1951 2866 2260 2940 remotis
2294 2870 2534 2940 terrae
2564 2865 2791 2959 parti-

303 2979 448 3053 bus
473 2978 818 3054 homines
844 2981 1050 3054 velut
1085 3001 1266 3073 apes
1297 2980 1396 3054 ad
1431 2979 1700 3064 mellea
1725 2985 1973 3054 castra
1996 2979 2509 3056 conversionis
2534 3001 2793 3055 amore

304 3095 399 3169 ad
446 3095 650 3168 hunc
696 3116 938 3170 unum
985 3100 1394 3170 attraxerat
1436 3096 1712 3170 locum.
1764 3090 2264 3170 'Confluebant
2312 3115 2644 3189 namque
2694 3091 2815 3170 ad'

303 3231 476 3284 eum
510 3208 651 3284 viri
684 3209 972 3286 nobiles
1005 3217 1081 3285 et
1112 3216 1479 3305 potentes,
1506 3211 1853 3305 proprias
1872 3211 2305 3286 voluntates
2328 3216 2788 3304 respuenteS,

203 3354 269 3403 ευ
303 3325 760 3419 patrimonia
825 3347 1110 3420 magna
1173 3330 1248 3400 et
1312 3325 1827 3420 possessiones
1883 3325 1952 3401 ei
2010 3326 2495 3418 conferentes,
2549 3331 2636 3401 ut
2693 3327 2790 3400 ad

301 3440 694 3515 arbitrium
760 3442 826 3536 ej
835 3463 948 3531 us,
1009 3441 1203 3517 sicut
1269 3442 1657 3535 quondam
1714 3442 2231 3536 apostolorum
2300 3441 2786 3536 temporibuS,

303 3556 826 3649 dividerentur,
871 3563 1096 3651 prout
1138 3556 1405 3650 cuique
1454 3577 1648 3652 opus
1695 3563 1915 3650 esset,
1958 3563 2332 3651 rogantes.
2368 3555 2500 3631 Vir
2533 3563 2787 3632 autem

302 3671 624 3763 Domini,
685 3677 773 3746 ut
835 3671 1076 3748 fidelis
1126 3677 1202 3747 et
1246 3673 1576 3767 prudens
1623 3660 2119 3767 dispensator,
2180 3693 2311 3748 eas
2370 3671 2788 3766 suscipiens

301 3787 657 3862 omnibus
688 3787 1024 3881 inopiam
1057 3787 1518 3882 patientibus
1551 3787 1968 3882 depositam
2000 3785 2147 3862 sibi
2178 3787 2575 3882 pecuniam
2603 3793 2786 3862 stre-

197 3929 262 3981 20
299 3924 449 3977 nue
489 3903 519 3944 ⁸
550 3901 1052 3996 dispensabat.
1089 3902 1232 3978 Per
1256 3901 1456 3978 idem
1495 3901 1725 3998 igitur
1756 3909 2055 3998 tempus
2080 3908 2241 3978 erat
2278 3903 2480 3997 apud
2502 3903 2781 3997 pleros-

299 4037 447 4109 que
463 4017 881 4111 Anglorum
907 4017 1280 4112 eiusmodi
1313 4019 1343 4058 ⁸
1367 4017 1859 4109 consuetudo,
1885 4038 2083 4112 quae
2118 4019 2483 4093 hactenus
2502 4022 2785 4110 manet,

300 4137 387 4207 ut
428 4137 796 4226 parentes,
850 4132 1082 4208 oblita
1127 4131 1453 4209 naturali
1501 4131 1833 4208 filiorum
1882 4133 2064 4228 lege,
2102 4132 2300 4208 filios
2345 4137 2421 4208 et
2460 4131 2655 4208 filias
2704 4133 2785 4208 in

301 4269 558 4323 servos
591 4253 666 4322 et
691 4247 1000 4325 ancillas
1033 4269 1246 4324 more
1276 4247 1666 4324 barbarico
1691 4247 2231 4324 mercatoribus
2254 4247 2663 4324 venderent
2712 4247 2745 4301 b
2764 4304 2783 4323 .

365 4475 492 4531 1.-
515 4477 537 4512 ¹
559 4476 878 4533 σπι-ἰο
897 4477 1392 4534 ααά-*ῡοα-
1415 4476 1651 4548 ‘quant
1672 4475 2206 4548 num—‘optima
2238 4509 2307 4521 —
2336 4476 2788 4547 ‘huiuscemodi-

363 4692 438 4757 (1)
471 4690 703 4746 Comme
719 4705 862 4746 nous
883 4691 1098 4747 l'avons
1115 4690 1197 4746 dit
1219 4691 1685 4762 precedemment,
1700 4707 1845 4746 nous
1867 4695 2110 4747 mettons
2135 4707 2207 4746 en
2244 4695 2379 4748 note
2396 4691 2477 4747 les
2503 4692 2783 4747 variantes

299 4773 397 4827 des
417 4771 806 4828 lectionnaires
823 4772 892 4828 de
909 4771 1262 4828 Saint-Saens
1275 4777 1332 4828 et
1351 4772 1424 4828 de
1437 4771 1777 4828 Fontenelle.
1796 4771 1901 4827 Leo
1920 4772 2110 4828 lettres
2132 4787 2203 4828 en
2222 4771 2477 4844 italiquoe
2494 4773 2787 4830 renvoient

297 4869 406 4910 aux
431 4853 921 4910 edaircissemems
935 4853 1034 4925 qui
1050 4853 1306 4911 suivront
1317 4853 1374 4910 le
1395 4857 1546 4910 texto
1569 4855 1640 4910 do
1660 4853 1720 4910 1⁸
1740 4853 1855 4910 Vie.
