3425 5584
727 438 876 513 440
1641 459 1761 513 vu:
1810 457 1900 512 nn
1950 460 2009 513 s,
2063 437 2331 514 sanus

723 651 1319 748 praeciperentur
1377 652 1668 728 faceret.
1715 649 1927 726 Dicto
1986 649 2389 726 oboediens
2428 657 2738 725 sanctus
2784 651 3193 726 Leutredus

722 775 1068 844 sanctum
1125 765 1516 843 Sidonium
1577 765 1778 858 adiit,
1828 765 2139 860 ejusque
2188 763 2501 860 genibus
2546 766 2949 841 obvolutus
2996 767 3193 860 leges

721 881 1179 960 monasticas
1209 883 1308 958 ab
1344 903 1434 958 eo
1467 881 1754 958 edoceri
1788 881 2247 975 efflagitavit,
2284 879 2414 974 qui
2448 887 2795 977 suscepto
2826 905 2879 957 a
2924 889 3191 958 sancto

719 998 1024 1076 Sidonio
1089 997 1356 1074 habitu
1403 998 1485 1073 in
1526 1000 1673 1074 hoc
1732 995 2191 1072 monasterio
2226 995 2435 1071 omni
2500 995 2864 1073 virtutum
2922 1019 3192 1092 genere

719 1114 1015 1191 effulsit.
1043 1115 1334 1191 Interea
1369 1120 1678 1192 sanctus
1709 1112 2147 1206 Andoenus,
2182 1111 2835 1208 Rotbomagensis.
2850 1113 3189 1204 antistes,
3218 1135 3245 1182 s

717 1232 1046 1307 Romam
1073 1231 1166 1306 ad
1217 1229 1481 1308 limina
1512 1230 2027 1326 apostolorum
2064 1227 2266 1321 adiit,
2300 1233 2377 1304 et
2406 1228 2709 1324 plurimi
2750 1229 2997 1306 sancti
3030 1229 3190 1321 viri,

716 1348 912 1424 inter
944 1367 1139 1442 quos
1185 1352 1496 1424 sanctus
1545 1345 1921 1439 SidoniuS,
1955 1365 2039 1421 se
2078 1344 2325 1421 socios
2356 1351 2427 1420 et
2472 1347 2783 1422 comites
2830 1345 3189 1442 adiunxe-

717 1467 919 1539 runt.
954 1449 1120 1554 Quo
1146 1461 1176 1504 ⁸
1211 1483 1383 1538 cum
1416 1459 1722 1538 feliciter
1766 1459 2301 1556 pervenissent,
2344 1462 2444 1536 ad
2480 1463 2909 1557 sepulcrum
2946 1458 3191 1538 sancti
3292 1467 3299 1471 “

717 1577 920 1655 Petri
951 1576 1328 1674 prostrati,
1363 1581 1668 1653 orantes
1702 1576 1887 1654 illud
1914 1575 2241 1652 lacrimis
2272 1575 2705 1674 irrigabant.
2724 1579 2941 1655 Tunc
2970 1599 3187 1654 sanc·

719 1699 845 1770 tus
903 1694 1203 1790 praesul
1241 1693 1274 1735 ⁴
1303 1693 1717 1786 Audoenus
1772 1692 1980 1768 hunc
2035 1691 2485 1770 versiculum
2528 1681 2831 1771 cantare
2887 1693 3139 1790 coepit
3168 1715 3186 1766 ε
3218 1710 3267 1760 ⁴·

719 1807 1158 1886 Exultahunt
1212 1810 1446 1885 sandi
1499 1811 1584 1884 in
1641 1809 1881 1909 qloria
1894 1835 1923 1892 ‚·
1954 1807 2075 1884 cui
2129 1807 2489 1886 divinitus
2522 1831 2967 1906 responsum
3014 1817 3183 1886 oet:

716 1923 1211 2000 Laetabuntur
1237 1925 1321 1999 in
1351 1923 1692 2000 cubilibus
1722 1925 1903 2000 auia.
1938 1922 2155 2000 Votis
2184 1925 2323 2002 rite
2354 1926 2641 2018 solutis,
2678 1925 2939 2002 multis
2970 1947 3183 2002 sanc·

715 2045 960 2116 torum
991 2037 1322 2135 reliquiis
1353 2039 1781 2136 locupletati
1816 2039 1892 2114 in
1926 2039 2247 2134 patriam
2280 2046 2759 2118 reverterunt.

813 2155 933 2232 Ν.
949 2156 1269 2232 Sanctus
1290 2157 1700 2234 Audoenus
1734 2154 1977 2251 magis
1992 2160 2069 2230 et
2086 2155 2111 2196 ¹
2132 2157 2371 2252 magis
2396 2159 2637 2233 sancti
2660 2155 3181 2252 Sidoniivirtu-

717 2279 830 2348 tes
881 2272 1409 2366 admirabatur,
1443 2274 1608 2369 ejus
1642 2273 1952 2350 consilio
1994 2273 2075 2350 in
2118 2273 2477 2348 omnibus
2521 2274 2886 2349 utebatur.
2924 2273 3037 2348 Eo
3090 2271 3181 2348 ad
3210 2287 3261 2336 ⁴⁸

715 2408 1027 2482 superos
1053 2388 1435 2481 translatu,
1455 2395 1763 2465 sanctus
1795 2389 2217 2467 Ansbertus
2239 2389 2873 2488 Rothomagensis
2898 2389 3176 2465 archie-

707 2501 1063 2598 piscopus
1088 2505 1365 2579 electus
1389 2510 1522 2596 est,
1538 2503 1668 2598 qui
1683 2507 1990 2599 cupiens
2014 2504 2466 2582 successoris
2498 2503 2616 2579 sui
2644 2505 2815 2601 (sic)
2845 2525 3177 2599 premere

714 2617 1047 2714 vestigia,
1075 2625 1378 2720 sanctos
1409 2618 1802 2695 Sidonium
1828 2627 1903 2696 et
1934 2621 2380 2698 Leufredum
2414 2619 2741 2694 multum
2772 2621 3174 2696 veneraba-

715 2739 840 2809 tur
872 2754 1146 2828 eosque
1181 2734 1276 2827 ad
1311 2734 1706 2818 consilium
1742 2757 1964 2831 saepe
1998 2736 2419 2812 adhibebat.
2464 2734 2660 2810 Huic
2691 2742 2959 2811 sancto
2992 2757 3171 2831 pon·
3294 2817 3307 2836 ,

716 2847 896 2924 tiflci
920 2849 1168 2925 visum
1193 2856 1304 2947 est
1330 2856 1418 2925 ut
1447 2861 1756 2927 sanctus
1782 2851 2190 2927 Leufredus
2223 2851 2299 2926 in
2326 2851 2645 2944 patriam
2678 2856 3067 2942 remearet,
3098 2855 3177 2924 ut
3202 2869 3253 2920 ω

691 2965 814 3040 -ibi
839 2965 1226 3041 aedificato
1255 2961 1712 3042 monasterio
1736 2967 1895 3043 suis
1920 2967 2207 3044 civibus
2222 2969 2486 3044 salutis
2504 2969 2727 3044 fidem
2755 2969 3171 3063 praeferret.

811 3080 1149 3156 Tandem
1184 3081 1295 3157 vir
1318 3082 1618 3158 Domini
1651 3083 2003 3159 Sidonius
2026 3083 2287 3159 multis
2318 3082 2721 3160 virtutibus
2751 3085 3173 3160 cumulatus

714 3196 811 3272 ad
833 3195 1212 3272 Christum
1237 3195 1585 3292 migravit
1623 3199 1714 3274 18
1750 3197 2114 3275 Calendas
2138 3199 2570 3298 decembris.
2586 3200 2937 3295 Sepultus
2962 3200 3177 3277 estin

711 3312 1018 3388 ecclesia
1048 3334 1280 3407 quam
1336 3311 1417 3388 in
1474 3335 1616 3389 suo
1673 3314 2132 3390 monasterio
2184 3315 2632 3408 condiderat,
2692 3315 2771 3391 in
2831 3337 2987 3420 quo
3052 3315 3195 3392 diu.

713 3425 948 3522 viguit
1004 3428 1364 3522 regularis
1415 3429 1913 3521 observantia,
1944 3430 2184 3506 donec
2216 3453 2264 3505 a
2296 3429 2773 3522 NormanniS,
2826 3431 2953 3526 qui
2991 3433 3171 3507 duce
3200 3445 3249 3498 ²¹

710 3541 1077 3638 Hastingo
1110 3565 1191 3619 se
1223 3543 1302 3620 in
1336 3543 1614 3621 Gallias
1647 3544 2085 3637 effuderant,
2122 3546 2287 3622 solo
2319 3551 2721 3640 aequatum
2747 3553 2862 3623 est
2901 3548 2957 3624 ⁸.

714 3789 779 3804 ..,
796 3761 822 3797 1
917 3762 930 3776 “
967 3789 1033 3804 -
1055 3762 1080 3799 4

779 3777 999 3902 Πιξῃ-Ι-..ῑ
1016 3778 1241 3903 mog..
1263 3845 1393 3914 Ejus
1414 3861 1604 3902 same
1629 3846 1895 3918 reliquiae
1919 3847 2194 3904 asservari
2224 3849 2535 3914 referuntur
2566 3849 2625 3906 in
2658 3849 2893 3906 ecelesia
2915 3849 3170 3908 abbatiali

713 3927 1030 3984 musaei
1053 3928 1182 3984 add.
