3425 5584
1074 510 1411 564 'monus
1461 509 1554 563 nr
1603 471 1982 564 nummis.
2632 488 2783 563 469

239 763 250 773 .
315 721 485 774 sam
551 699 894 776 Christus
959 701 1098 776 sibi
1168 702 1460 777 dicavit.
1527 701 1708 776 Inde
1769 721 1943 776 vere
2004 699 2313 776 nomine
2370 697 2785 794 meritoque

312 815 602 890 Iustina
631 815 812 890 dum
859 817 942 892 in
990 816 1474 892 Venetiarum
1507 817 1846 911 partibus
1877 814 2352 892 bajolabatur
2381 814 2463 890 in
2494 836 2783 910 suaque

313 929 560 1023 patria
602 931 1060 1024 morabatur,
1095 953 1289 1026 quae
1323 930 1627 1006 Patavis
1659 931 1700 968 ⁴⁵
1757 930 2047 1024 dicitur,
2092 927 2550 1005 Maximiano
2584 936 2781 1005 atro·

313 1042 616 1119 eissimo
654 1046 993 1140 partibus
1038 1046 1186 1122 illis
1202 1045 1259 1144 ι’
1316 1046 1792 1137 adventante,
1838 1045 2045 1120 iubet
2087 1044 2168 1120 in
2203 1065 2469 1138 campo
2508 1044 2781 1119 martio

239 1183 275 1233 ι
317 1159 462 1234 sibi
493 1159 824 1237 tribunal
857 1163 1286 1256 praeparari
1317 1167 1403 1238 ut
1432 1160 1583 1236 illie
1613 1159 2017 1254 sacrilegus
2054 1159 2460 1254 imperator
2500 1159 2780 1234 interfi-

311 1280 509 1348 ceret
556 1281 859 1350 sanctos
902 1277 1057 1351 Dei.
1094 1277 1312 1352 Tunc
1355 1281 1619 1352 sancta
1656 1275 1945 1350 Iustina
1984 1275 2078 1350 de
2122 1274 2425 1368 praedio
2459 1295 2624 1367 sun,
2656 1273 2781 1349 eui

311 1389 709 1464 Vidaliano
757 1411 1038 1466 nomen
1071 1397 1206 1484 est,
1242 1392 1339 1467 ad
1389 1389 1849 1466 visitandum
1904 1411 2159 1464 servos
2201 1389 2333 1463 Dei
2368 1389 2781 1465 ascendens

308 1504 736 1580 vehiculum
779 1506 1203 1601 properavit
1233 1506 1296 1600 ³,
1331 1513 1403 1582 et
1455 1505 1562 1581 sic
1610 1529 1657 1581 a
1697 1505 2061 1581 militibus
2094 1505 2633 1599 comprehensa
2664 1511 2779 1581 est

309 1623 387 1693 et
445 1619 781 1712 deposita
837 1621 930 1697 de
986 1643 1231 1698 curru.
1299 1621 1638 1719 Cumque
1693 1619 2049 1716 iniuriose
2113 1625 2579 1712 tractaretur,
2646 1621 2778 1696 ubi

2920 991 3142 1048 Batavis

2904 1059 2935 1088 ⁵
2952 1061 3087 1141 add..
3104 1063 3163 1114 in-

2901 1141 3149 1194 marqme

2843 1503 3209 1571 *conpr-“3

2870 1523 3209 1638 priapus-av?

200 1756 268 1807 ⁴0
305 1754 556 1826 genua
601 1737 931 1828 ponebat
986 1737 1176 1831 lapis
1219 1759 1300 1812 se
1357 1737 1700 1811 flectebat
1746 1741 1819 1810 et
1866 1741 2063 1810 terra
2106 1735 2507 1822 tremebam
2544 1740 2619 1810 et
2667 1736 2778 1811 sic
2818 1753 2825 1758 ·

301 1848 757 1924 Maximiano
791 1851 1301 1927 crudelissimo
1327 1857 1869 1946 praesentatur.

408 1977 476 2035 2.
525 1964 770 2052 Quam
815 1966 1284 2060 interrogans
1333 1967 1737 2061 imperator
1786 1966 1893 2041 ait
1944 1988 1961 2040 :
2018 1963 2210 2056 Quae
2252 1967 2530 2040 vocaris
2562 1966 2607 2039 ‚2
2652 1965 2775 2042 Ad

307 2078 494 2153 haec
545 2081 766 2154 beata
805 2081 1091 2156 Iustina
1125 2081 1344 2155 hilari
1377 2083 1596 2156 vultu
1635 2081 1982 2175 repondit
2049 2104 2065 2154 ε
2137 2080 2558 2156 &cristiana
2590 2105 2772 2155 eum.

308 2193 807 2270 Maximianus
831 2196 1236 2290 imperator
1268 2197 1372 2271 ait
1411 2220 1426 2271 :
1477 2195 1633 2294 qu
1665 2205 1731 2270 te
1764 2197 1850 2270 de
1880 2199 2162 2269 nomine
2194 2199 2565 2294 interr-090,
2601 2203 2663 2268 et
2697 2203 2777 2270 tu

195 2330 263 2378 eu
309 2307 479 2382 haee
510 2333 686 2407 quae
728 2311 1054 2386 nolumus
1071 2311 1112 2348 ⁴⁵
1145 2311 1441 2386 auribus
1472 2312 1736 2386 nostris
1775 2311 2100 2408 inyeris?
2124 2311 2265 2384 Die
2300 2334 2543 2384 nomen
2576 2319 2773 2386 tuum

303 2431 678 2521 antequam
710 2428 1072 2502 moriaris.
1109 2427 1383 2502 Sancta
1415 2427 1702 2501 Iustina
1735 2427 2117 2521 respondit
2153 2449 2168 2500 :
2223 2425 2412 2500 Dixi
2442 2426 2575 2500 tibi
2599 2429 2774 2525 quia

304 2537 700 2612 christiana
747 2565 929 2614 sum.
982 2539 1071 2615 Si
1120 2549 1352 2615 autem
1402 2541 1488 2614 de
1519 2543 1795 2614 nomine
1842 2543 2178 2639 inquiris,
2218 2540 2502 2616 Iustina
2540 2565 2763 2616 vocor.

301 2653 800 2730 Maximianus
825 2655 1009 2730 dixit
1038 2679 1054 2729 ε
1095 2654 1322 2747 Quam
1345 2664 1602 2730 sectam
1628 2657 1805 2730 eolis
1825 2657 1867 2727 ,ἓ
1893 2657 2126 2731 Beata
2156 2655 2444 2731 Iustina
2465 2677 2771 2750 respon·

304 2767 414 2842 dit
446 2791 464 2842 z
503 2769 659 2867 Eyo
693 2771 838 2844 colo
872 2771 1234 2844 dominum
1258 2778 1574 2844 nostrum
1600 2771 1838 2846 Iesum
1864 2769 2226 2846 Christum
2251 2773 2775 2870 omnipotentem

203 2909 270 2961 πο
311 2882 565 2976 Deum,
600 2888 726 2982 qui
751 2885 922 2980 feeit
952 2886 1223 2959 eaelum
1274 2895 1337 2959 et
1385 2893 1676 2981 terram,
1714 2911 1911 2960 mare
1960 2893 2023 2959 et
2048 2888 2303 2988 „omnia
2344 2910 2521 2984 quae
2552 2888 2635 2959 in
2667 2889 2775 2960 eis

299 3006 487 3072 sunt.
525 2999 724 3073 Nam
775 2999 1137 3098 lapidibus
1166 3002 1385 3074 mutis
1418 3008 1480 3074 et
1510 3001 1781 3096 surdi-9,
1816 3003 1941 3099 qui
1972 3009 2135 3074 sunt
2184 3024 2397 3099 opera
2431 3024 2773 3075 manuum

303 3113 684 3208 hominum,
727 3139 867 3189 non
895 3115 1238 3212 sacrifico.
1294 3115 1793 3192 Maximianus
1824 3116 2210 3210 respondit
2245 3140 2261 3190 :
2319 3113 2512 3206 Quid
2543 3115 2771 3190 verbo-

299 3253 462 3303 rum
495 3231 912 3327 prolixitate
963 3256 1118 3305 mea
1169 3232 1362 3305 dieta
1401 3233 1682 3329 repellis
1742 3232 1783 3305 ?
1839 3231 2107 3306 Accede
2146 3237 2209 3304 et
2256 3231 2591 3327 sacrifica
2620 3231 2771 3306 Deo

297 3369 551 3442 mayno
609 3345 860 3441 Marti,
894 3349 964 3420 ei
1004 3347 1112 3421 vis
1169 3347 1522 3421 consulere
1579 3355 1741 3421 tuae
1796 3354 2073 3420 tenerae
2120 3347 2486 3420 iuventuti.
2536 3347 2773 3423 Beata

195 3483 262 3534 25
297 3460 583 3535 Iustina
600 3461 639 3496 ¹*
670 3461 1096 3554 respondit:
1133 3460 1298 3535 Iam
1323 3461 1486 3536 dixi
1516 3460 1650 3534 tibi
1678 3488 1704 3533 .·
1739 3462 2128 3536 christiana
2161 3467 2419 3555 eum,et
2450 3459 2771 3536 omnibus

303 3573 684 3649 diabolicis
701 3577 989 3674 pompis
1036 3574 1462 3668 abrenuntio,
1508 3582 1572 3649 et
1603 3575 1727 3649 illi
1769 3600 1879 3649 me
1919 3575 2133 3672 offero
2182 3575 2616 3672 sacrificium
2645 3577 2771 3674 qui

299 3690 486 3762 dixit
509 3715 535 3762 .·
591 3689 748 3788 qu
778 3714 938 3764 sum
989 3693 1110 3764 via
1160 3699 1222 3764 et
1256 3693 1519 3765 veritas
1553 3699 1616 3764 et
1657 3692 1803 3764 vita
1820 3719 1852 3781 ,·
1886 3692 2012 3789 qui
2043 3690 2267 3764 credit
2298 3691 2377 3763 in
2415 3714 2523 3764 me
2558 3690 2768 3764 non·

298 3806 640 3877 morietur
672 3806 753 3878 in
778 3813 1162 3878 aeternum.

109 3998 112 4001 ,
401 3933 470 3992 3.
517 3917 855 4013 Cumque
889 3920 1074 3994 haec
1108 3918 1326 3995 ethis
1351 3919 1624 3994 similia
1651 3921 2100 4013 loqueretur,
2136 3919 2567 3994 intuebatur
2596 3937 2766 3995 eam

193 4055 261 4108 30
299 4032 728 4126 imperator.
769 4035 863 4109 Et
912 4035 1097 4109 dixit
1128 4036 1349 4110 beata
1378 4035 1666 4108 Iustina
1701 4057 1719 4108 ε
1769 4033 1957 4126 Quid
1986 4059 2095 4108 me
2128 4034 2429 4108 miram‘a
2460 4035 2765 4132 impera·

293 4150 457 4221 tor?
486 4149 706 4246 Cupio
743 4153 930 4223 enim
966 4149 1065 4223 ad
1095 4149 1484 4223 Dominum
1516 4173 1747 4222 meum
1792 4151 2103 4246 miqrare
2134 4150 2260 4245 qui
2288 4173 2397 4222 me
2432 4149 2768 4246 diynatue

297 4271 397 4337 est
431 4263 519 4337 ab
546 4264 865 4359 infamia
901 4288 1322 4359 consecrare,
1357 4273 1436 4337 ut
1459 4267 1645 4337 inter
1665 4265 2053 4361 prudentes
2075 4265 2387 4361 viryines
2410 4287 2520 4336 me
2536 4263 2769 4358 faeiat

293 4379 449 4451 vita
483 4387 768 4452 aeterna
779 4381 1240 4478 participari.
1277 4379 1778 4454 Maximianus
1804 4378 1987 4453 dixit
2016 4402 2032 4452 :
2069 4379 2219 4452 Aut
2240 4377 2573 4474 eaorifiea
2593 4379 2759 4472 diis,

297 4501 360 4566 et
404 4495 652 4567 evades
683 4501 1044 4588 tormenta,
1075 4501 1199 4569 aut
1231 4497 1502 4569 noveris
1547 4501 1612 4569 te
1635 4495 2161 4592 perimendam.
2219 4495 2452 4569 Beata
2481 4493 2769 4570 Iustina

195 4629 264 4681 π
315 4609 698 4702 respondit
736 4633 752 4682 :
797 4608 947 4684 Deo
983 4634 1132 4683 meo
1167 4613 1452 4708 qratias
1492 4635 1642 4708 ayo,
1679 4611 1803 4708 qui
1826 4633 1937 4682 me
1974 4609 2311 4708 di9natus
2344 4616 2443 4683 est
2467 4609 2767 4684 hostiam

302 4721 446 4796 sibi
475 4725 805 4822 accipere,
833 4748 1011 4822 quae
1041 4724 1241 4797 nolui
1269 4723 1677 4820 sacrificare
1726 4724 1967 4819 idolis,
1993 4749 2118 4798 nec
2154 4725 2535 4798 consentire
2564 4725 2769 4798 vania

295 4838 726 4920 iussionibus
764 4842 930 4913 tuis.
957 4839 1154 4913 Nam
1186 4863 1408 4937 quare
1432 4838 1817 4933 formidem
1836 4863 1979 4938 pro
2003 4841 2283 4913 nomine
2306 4837 2607 4912 Domini
2629 4839 2771 4912 mei

2836 2321 3201 2446 ‘'tisim''

2834 3470 3020 3524 *m
3019 3473 3200 3550 ‘potius

2906 3535 3123 3592 iusticia

2837 3693 3186 3749 ‘cors-..add

2814 3775 2992 3828 supra
2955 3761 3211 3816 ailneam
