3425 5584
672 431 820 508 428
1860 447 1977 502 vn:
2032 417 2041 428 ’

767 645 884 718 [Π.
961 643 1250 719 Interea
1334 645 1381 736 ¹,
1461 663 1634 718 cum
1700 643 1739 696 1·
1822 641 2087 717 beatus
2169 639 2621 716 Philibertus
2700 664 2839 736 pro
2924 663 3164 718 causa

667 757 1100 835 monasterii
1151 759 1249 834 ad
1295 757 1660 853 palatium
1704 762 2199 852 properasset,
2250 763 2326 832 et
2382 756 2487 830 ibi
2528 756 2964 850 Ehroinum‚
3028 758 3163 852 qui

665 877 970 972 beatum
1019 873 1558 967 Leodegarium
1598 871 1827 948 variis
1858 871 2123 966 poenis
2154 871 2569 947 cruciatum
2607 871 2925 948 interfici
2955 873 3159 962 fecit,

665 989 1194 1084 conspexisset,
1231 989 1569 1064 tentabat
1617 989 1863 1064 ferum
1916 986 2259 1062 animum
2308 987 2474 1082 eJ’us
2524 987 2823 1064 blandis
2872 989 3159 1064 allocu-

665 1104 997 1179 tionibus
1052 1105 1081 1146 ²
1131 1105 1228 1179 ad
1284 1103 1765 1199 resipiscendi
1822 1101 2219 1178 consilium
2279 1101 2674 1195 inflectere,
2736 1110 2890 1197 aut,
2952 1104 3021 1179 si
3081 1104 3160 1178 id
3189 1123 3219 1172 ι

664 1242 821 1295 non
879 1219 1231 1314 procedit,
1283 1219 1402 1295 vel
1457 1219 1489 1260 ⁸
1537 1219 1880 1313 exemplo
1933 1217 2135 1293 beati
2183 1218 2617 1312 Leodegarii
2666 1219 2861 1294 felici
2908 1225 3159 1295 morte

661 1335 896 1419 vitam
929 1335 1167 1410 finire.
1219 1335 1573 1411 Monebat
1621 1355 1799 1410 eum
1846 1354 2118 1428 nempe
2163 1333 2403 1410 redire
2436 1335 2533 1410 ad
2582 1335 3155 1428 monasterium,

663 1452 754 1526 de
802 1473 954 1544 quo
997 1449 1546 1544 praevaricator
1585 1450 1615 1491 ⁴
1647 1449 1949 1526 exierat.
1994 1449 2063 1524 N
2062 1471 2187 1525 am
2231 1449 2261 1490 ⁸
2294 1453 2541 1542 antea,
2585 1449 2859 1525 relictis
2908 1449 3157 1525 omni-

662 1567 806 1641 bus
853 1588 1050 1661 quae
1098 1566 1554 1661 possederat,
1605 1565 1688 1641 in
1740 1565 2081 1641 Luxovio
2132 1564 2589 1641 monasterio
2648 1567 2678 1606 ⁸
2724 1567 3155 1642 monachus

663 1682 906 1757 factus
939 1683 1205 1757 fuerat.
1239 1681 1470 1776 Igitur
1501 1702 1676 1757 cum
1709 1681 1825 1756 vir
1857 1679 1992 1756 Dei
2026 1681 2054 1721 ³
2087 1681 2327 1756 feram
2360 1672 2649 1775 pestem
2682 1703 2730 1755 a
2759 1681 3153 1776 proposito
3186 1698 3241 1748 «ο

659 1796 990 1872 malitiae
1021 1797 1364 1892 nequiret
1397 1802 1751 1890 avertere,
1782 1796 1945 1892 ‚iam
1978 1795 2392 1872 acrioribus
2440 1795 2766 1872 stimulis
2808 1797 2840 1838 ⁸
2870 1797 3151 1872 durum

659 1917 920 2007 pectus
951 1914 981 1953 ⁸
1005 1911 1247 2008 coepit
1269 1933 1621 2008 pungere,
1635 1917 1713 1987 et
1736 1911 2112 2006 quaedam
2135 1909 2229 1987 de
2249 1911 2816 1987 imminentibus
2841 1911 3149 1988 animae

661 2025 1042 2123 suppliciis
1089 2026 1540 2122 praedicare.
1588 2025 1871 2104 Videns
1913 2032 2167 2103 autem
2202 2025 2513 2103 callidus
2561 2027 2801 2102 hostis
2850 2026 2933 2102 in
2980 2027 3151 2102 viro

365 2149 372 2157 ‘
523 2153 528 2159 ’
659 2142 794 2217 Dei
849 2147 1144 2218 tantam
1195 2143 1697 2218 constantiam
1758 2147 1919 2218 arte
1976 2143 2309 2237 quadam
2367 2143 2837 2235 moliebatur,
2898 2143 2969 2217 si
3026 2143 3150 2218 fas

659 2259 944 2351 fuisset,
991 2279 1170 2334 eum
1211 2259 1308 2334 ab
1356 2257 1861 2353 increpatione
1910 2259 2317 2349 deflectere,
2364 2258 2687 2334 offerens
2730 2257 2800 2334 ei
2857 2258 3029 2333 auri
3076 2265 3151 2333 et
3180 2283 3237 2333 u

660 2372 948 2466 argenti
980 2371 1306 2466 pretiosa
1339 2372 1626 2448 talenta
1659 2371 1727 2412 ¹⁰
1758 2393 1933 2447 cum
1963 2370 2394 2465 ingentibus
2428 2369 2914 2464 ornamentiS,
2949 2393 3149 2465 quae

659 2483 774 2560 vir
803 2485 939 2561 Dei
971 2487 1125 2561 alto
1166 2486 1578 2580 reprobans
1625 2485 1937 2560 consilio
1990 2485 2284 2562 dicebat
2328 2485 2519 2560 nulli
2564 2485 2979 2562 christiano
3028 2486 3149 2560 fas

657 2621 824 2676 esse
847 2601 1007 2676 suis
1032 2601 1252 2676 donis
1277 2600 1856 2677 communicare.
1886 2599 2243 2676 Fremens
2267 2599 2495 2694 igitur
2519 2599 2825 2676 rabidus
2850 2599 2891 2636 ⁸
2916 2601 3147 2696 lupus

659 2714 905 2792 virum
959 2715 1094 2790 Dei
1145 2720 1279 2791 aut
1325 2715 1626 2811 penitus
1675 2715 2082 2816 quaerebat
2114 2713 2463 2808 occidere,
2514 2721 2647 2790 aut
2676 2711 3146 2792 ..coenobium

658 2831 892 2927 ipsius
910 2830 1497 2907 Gemineticense
1520 2829 1863 2906 funditus
1888 2835 2237 2906 evertere.
2256 2821 2491 2920 Beato
2508 2828 3147 2924 itaqueAudoeno
3178 2857 3233 2908 ιο

657 2944 942 3020 litteras
989 2945 1406 3026 transmisit
1439 2951 1833 3039 tamquam
1869 2946 1895 2986 ¹
1908 2946 1931 2985 ¹
1980 2945 2289 3021 nomine
2319 2943 2703 3050 Philiberti
2752 2945 2851 3020 ad
2887 2933 3147 3040 regem

655 3059 952 3152 missas,
977 3061 1253 3155 quibus
1280 3060 1712 3156 pontificem
1738 3081 1953 3136 reum
1979 3059 2399 3154 majestatis
2426 3059 2744 3152 incusat,
2771 3065 2860 3135 ut
2891 3061 3149 3155 ipsum

635 3173 1082 3268 'pontificem
1127 3180 1486 3268 perpetuo
1531 3173 1753 3250 exilio
1802 3174 2217 3267 damnaret,
2253 3179 2328 3248 et
2360 3195 2443 3249 se
2477 3173 2559 3248 in
2607 3175 2857 3249 locum
2902 3173 3145 3269 ipsius

654 3289 1115 3384 subrogaret.
1178 3289 1298 3363 Ad
1364 3289 1592 3364 fidem
1664 3287 1893 3383 igitur
1968 3288 2198 3384 hujus
2271 3287 2379 3364 rei
2444 3288 2861 3365 faciendam
2937 3289 3143 3365 viros

654 3405 1156 3497 nequissimos
1219 3405 1706 3503 subornabat,
1776 3403 1908 3497 qui
1967 3406 2272 3479 beatum
2339 3405 2791 3480 Audoenum
2870 3405 3143 3500 impor-
3172 3431 3231 3482 ει

654 3519 860 3595 tunis
901 3519 1210 3595 monitis
1251 3521 1348 3595 ad
1395 3519 1850 3596 credendum
1896 3519 2382 3614 impellerent,
2436 3520 2623 3595 adeo
2654 3526 2743 3594 ut
2788 3527 3141 3596 sanctum

655 3635 1007 3710 abbatem
1073 3635 1098 3687 ⁸⁸
1155 3633 1503 3710 carcerali
1576 3635 1955 3729 ergastulo
2022 3635 2432 3710 recluderet
2500 3634 2583 3727 ¹⁸,
2652 3635 2781 3710 ubi
2848 3633 3141 3729 aliquot

655 3750 912 3825 diebus
990 3750 1052 3791 ¹⁴
1113 3751 1548 3826 demoratus
1611 3749 2006 3826 anterioris
2070 3749 2471 3843 patientiae
2544 3749 2899 3826 virtutem
2978 3773 3137 3826 non

654 3863 928 3941 amisit.
995 3865 1274 3940 Beatus
1353 3886 1532 3940 vero
1615 3863 1953 3958 pontifex
2017 3885 2201 3939 mox
2264 3869 2350 3939 ut
2418 3863 2973 3941 accusationem
3012 3888 3135 3942 ex

655 3979 936 4055 invidia
1008 3980 1288 4055 factam
1362 3979 1758 4072 intellexit,
1844 3986 1915 4054 et
1970 3973 2203 4055 *unde
2285 3979 2481 4055 inter
2564 3979 2979 4056 Ebroinum
3064 3985 3138 4056 et
3168 4005 3225 4057 ³0

655 4101 1003 4193 sanctum
1036 4093 1527 4170 Philibertum
1561 4109 1793 4170 causa
1838 4093 2184 4170 odiorum
2234 4100 2637 4170 emerserat
2680 4095 3131 4189 recognovit,

653 4209 1112 4306 paenitentia
1142 4211 1412 4286 ductus
1457 4209 1704 4284 virum
1753 4207 2255 4302 innocentem,
2291 4231 2445 4284 non
2482 4209 2646 4285 sine
2677 4209 2987 4303 honore,
3044 4212 3134 4286 de

655 4346 944 4400 carcere
1009 4325 1284 4417 eduxit,
1353 4330 1429 4400 et
1484 4347 1624 4401 suo
1690 4323 2149 4401 monasterio
2228 4324 2291 4365 ¹⁸
2354 4325 2699 4401 decenter
2730 4325 2772 4392 ἰ
2829 4327 3133 4429 recollo-

655 4439 854 4515 cavit
887 4441 970 4517 ¹⁶.
1005 4441 1108 4516 At
1153 4437 1268 4516 fiir
1311 4440 1612 4516 Domini
1660 4438 2114 4515 Philibertus
2164 4439 2441 4514 timens
2470 4460 2610 4534 pro
2644 4439 2875 4516 unius
2921 4440 2983 4481 ¹'
3016 4439 3132 4517 sui

721 4641 817 4698 111.
839 4671 906 4684 —
929 4643 1149 4710 ²1gitur.
1169 4669 1238 4683 —
1259 4642 1285 4678 ¹
1305 4642 1744 4699 atti-actionibus.
1772 4669 1831 4683 -
1850 4642 1875 4679 ⁸
1897 4660 2001 4699 om.
2023 4669 2091 4683 —
2111 4643 2137 4678 ⁴
2158 4659 2263 4698 om.
2285 4669 2350 4682 -—
2368 4642 2393 4679 ⁸
2425 4641 2567 4698 Iam.
2592 4671 2660 4683 —
2681 4643 2708 4680 ⁸
2728 4659 2883 4699 mon.
2902 4643 3047 4699 Lux.
3068 4671 3131 4684 -

655 4725 680 4760 ἵ
703 4725 787 4780 vir
802 4725 866 4780 D.
883 4741 930 4780 c.
948 4753 1013 4766 —
1030 4725 1058 4760 ⁸
1073 4724 1220 4780 stim.
1237 4740 1346 4779 act.
1369 4752 1437 4765 —
1458 4725 1485 4762 ⁹
1501 4725 1771 4780 animum.
1796 4753 1855 4764 —
1884 4725 1935 4760 ¹⁰
1954 4724 2050 4780 tal.
2069 4727 2206 4795 pret.
2222 4751 2285 4764 —
2308 4724 2353 4761 ¹¹
2370 4739 2441 4779 ex
2463 4726 2592 4780 add.
2614 4725 2738 4765 -12
2758 4725 3055 4781 incusaret.
3068 4751 3129 4765 —

655 4807 705 4844 ¹⁸
724 4808 1048 4864 retruderet.
1067 4838 1134 4850 —
1157 4807 1206 4843 ²⁴
1225 4807 1361 4863 dies.
1396 4831 1450 4852 «—
1469 4807 1519 4844 1⁸
1535 4821 1684 4863 mon.
1713 4812 1836 4862 suo.
1858 4823 1925 4846 ⁶·-
1950 4805 1998 4842 ²⁸
2020 4805 2275 4862 restituit.
2292 4833 2362 4846 —
2382 4805 2429 4843 ¹²
2452 4808 2577 4876 (pro
2598 4805 2785 4874 unius)
2806 4807 3047 4876 ponitus.
