3425 5584
671 383 772 459 54
1780 403 2027 457 mssm

669 594 842 672 nius
901 593 1413 671 vehementius
1448 594 1685 688 coepit
1719 593 2061 670 insistere
2095 593 2545 687 elemosynis
2579 599 2654 668 et
2685 595 2864 670 illuc
2897 601 3140 672 trans·

669 713 859 788 ferre
883 710 1392 806 possessiones
1425 715 1761 796 terrenas
1795 708 1923 783 ubi
1957 709 2213 784 nullus
2249 707 2756 806 calumniator·
2772 710 3141 788 insidians

670 828 1076 922 irrumpere
1111 831 1362 920 posset
1388 827 1470 900 ¹⁶.
1511 824 1661 900 Nec
1711 825 1774 865 ¹⁶
1806 829 1977 919 post
2013 825 2335 898 multum
2372 825 2731 919 temporis
2757 827 2818 866 u
2851 825 3138 902 Clemo-

670 943 845 1018 nius
904 946 1285 1036 aegrotare
1345 939 1603 1035 coepit.
1653 939 1967 1015 Vocavit
2002 941 2097 1014 ad
2130 961 2211 1014 se
2243 940 2513 1015 fratem
2546 963 2798 1032 suum,
2833 947 3141 1018 nomine

671 1057 1134 1151 Dionysium,
1171 1062 1246 1131 et
1278 1055 1831 1131 commendavit
1875 1056 1943 1130 ei
2000 1055 2237 1129 filium
2299 1077 2525 1131 suum
2573 1057 2635 1098 ¹⁸
2699 1079 2871 1132 cum
2932 1058 3140 1133 omni
3178 1078 3209 1127 a

671 1173 1143 1270 possessione
1201 1195 1363 1247 sua.
1409 1171 1649 1263 Quem
1678 1173 2126 1268 J'uramentis
2161 1171 2663 1248 ineffabilibus
2698 1174 3140 1248 constrinxit

671 1295 758 1366 ut
791 1311 1016 1366 omne
1047 1287 1603 1384 patrimonium,
1641 1288 1797 1364 sive
1836 1287 1939 1362 ihi
1974 1288 2129 1362 sive
2164 1286 2243 1362 in
2278 1289 2461 1363 urbe
2502 1288 2754 1364 Roma
2785 1289 3139 1385 quicquid

669 1406 1049 1502 possidere
1080 1404 1523 1480 videbantur
1559 1405 1642 1496 ¹⁹,
1679 1405 1973 1480 nullum
2002 1403 2417 1478 detestabili
2452 1404 2853 1498 cupiditate
2886 1405 3138 1481 invadi

673 1521 1130 1618 permitteret
1153 1526 1228 1595 et
1253 1527 1336 1596 ut
1363 1520 1634 1615 dignus
1659 1520 1887 1595 frater
1910 1519 2161 1595 fratris
2188 1519 2429 1595 filium
2463 1526 2817 1596 tueretur.
2846 1562 2851 1566 ·

776 1652 845 1710 2.
893 1637 1335 1713 Nuntiatum
1395 1644 1510 1712 est
1550 1637 1802 1730 itaque
1846 1635 2304 1712 Diocletiano
2365 1637 2460 1710 ab
2496 1636 2743 1712 officio
2781 1638 2805 1677 ¹
2843 1660 2859 1711 :
2896 1637 3143 1712 Filius
3178 1655 3247 1707 ιο

680 1753 1031 1829 Glemonii
1082 1751 1406 1852 Pkryyii,
1456 1755 1580 1851 qui
1631 1753 1660 1792 ⁸
1701 1754 1801 1826 ad
1842 1752 1967 1826 ltoc
2022 1759 2222 1826 vacat
2267 1753 2522 1826 cotidie
2558 1761 2637 1826 ut
2668 1777 2810 1852 pro
2864 1755 3145 1827 nomine

679 1869 1006 1965 crucifixi
1032 1867 1410 1965 facultates
1431 1891 1606 1943 suas
1642 1869 1874 1943 nescio
1933 1871 2013 1941 in
2054 1891 2230 1966 quas
2262 1867 2293 1908 ⁸
2338 1868 2509 1942 viles
2545 1893 2892 1967 personas
2942 1891 3142 1967 expo-

679 1985 906 2061 nendo
945 1986 976 2025 ⁴
1011 1990 1391 2058 consumat.
1434 1984 1598 2058 Non
1638 1984 1865 2058 solum
1908 1984 1936 2025 ⁶
1982 1983 2145 2076 boc,·
2178 1983 2302 2057 sed
2342 1985 2370 2024 ⁶
2405 1984 2552 2058 diis
2600 1987 2865 2060 nostris
2922 1984 3148 2080 infert

681 2099 1007 2199 infinitas
1055 2098 1548 2198 blasphemias,
1603 2099 1847 2174 dicens
1906 2099 2279 2174 daemonia
2326 2108 2387 2173 et
2421 2124 2555 2174 non
2600 2101 2765 2175 deos
2798 2125 2945 2175 esse
2978 2125 3147 2199 quos

639 2217 991 2292 coli-mus.
1025 2215 1229 2290 Haec
1260 2220 1335 2290 et
1369 2217 1641 2290 horum
1688 2216 1714 2255 '
1764 2214 2037 2290 similia
2085 2214 2370 2291 dicente
2436 2216 2585 2308 eo⁸,
2645 2215 3147 2294 Diocletianus
3188 2236 3255 2286 ιδ

673 2333 902 2432 jussit
943 2333 971 2372 ⁹
1005 2333 1100 2408 ad
1124 2333 1373 2407 locum
1406 2331 1779 2407 destinare
1812 2330 2152 2425 quicum
2206 2353 2377 2406 cum
2413 2353 2717 2408 summa
2779 2332 3148 2409 celeritate

682 2452 1130 2526 adducerent
1162 2449 1261 2524 ad
1293 2470 1519 2523 suum
1555 2447 1920 2543 palatium
1951 2448 2033 2522 ¹⁰.
2050 2448 2142 2521 Et
2168 2469 2339 2522 cum
2366 2449 2530 2542 eJus
2548 2455 3149 2542 praesentaretur

685 2564 1128 2660 aspectibus,
1167 2584 1255 2637 ex
1293 2561 1542 2637 officio
1577 2561 1857 2635 dictum
1894 2567 2009 2636 est
2055 2561 2114 2600 ¹¹
2149 2584 2166 2634 ε
2203 2561 2415 2634 Astat
2448 2558 2898 2636 Pancratius.

781 2694 852 2753 3.
909 2678 1232 2754 Intuitus
1269 2678 1293 2718 ¹
1352 2683 1604 2752 autem
1670 2698 1842 2751 eum
1919 2676 2419 2752 Diocletianus
2506 2675 2911 2772 imperator
2944 2678 2994 2770 ¹,
3072 2684 3149 2754 et

679 2795 943 2872 videns
999 2793 1444 2889 elegantiam
1513 2791 1722 2887 pueri
1790 2814 1877 2866 ac
1943 2793 2574 2886 pulchritudinem
2646 2793 2903 2868 vultus
2961 2794 3149 2889 ejuS,
3184 2814 3251 2865 20

681 2912 868 2988 dixit
901 2909 928 2948 ³
960 2909 1026 2986 ei
1056 2933 1072 2984 :
1115 2908 1492 3008 Pancrati,
1515 2932 1673 2982 cum
1705 2909 1813 2982 sis
1844 2907 2307 2982 nobilissimis
2341 2916 2534 2982 ortus
2566 2907 2949 3003 natalibus,
2985 2933 3150 3007 quo-

683 3027 884 3102 modo
917 3035 979 3100 te
1010 3029 1092 3100 in
1123 3028 1352 3100 nescio
1384 3048 1595 3123 quam
1628 3025 2189 3121 superstitiosam
2230 3024 2259 3063 ⁴
2294 3030 2354 3095 et
2388 3047 2644 3097 vanam
2675 3029 2933 3096 sectam
2967 3023 3153 3097 chri-

682 3145 1080 3218 stianorum
1131 3141 1485 3236 infelicem
1519 3146 1584 3213 et
1617 3139 2019 3237 deqenerem
2068 3137 2504 3212 exhibuisti?
2530 3137 2835 3237 Insuper
2868 3139 2896 3180 ⁶
2932 3138 3153 3212 audio

683 3267 747 3335 te
780 3261 862 3332 in
893 3259 1048 3332 diis
1103 3254 1684 3355 omnipotentibus
1742 3254 1967 3328 multa
2017 3257 2413 3352 procaciter
2464 3255 2699 3350 fuisse
2732 3255 2760 3294 ⁶
2818 3254 3145 3344 locutum.

683 3372 1123 3451 pancratius
1156 3371 1342 3447 dixit
1376 3395 1392 3445 τ
1431 3369 1655 3466 Audi,
1687 3372 2016 3468 piissime
2050 3372 2452 3468 imperator.
2484 3369 2572 3445 Si
2598 3371 2713 3444 dii
2748 3377 2925 3466 sunt,
2968 3395 3158 3444 cons-
3190 3391 3262 3443 25

683 3497 786 3566 tat
819 3514 929 3565 eos
960 3487 1171 3563 liberi
1216 3511 1361 3562 esse
1405 3484 1697 3561 arbitrii
1733 3488 1779 3560 ἵ.
1831 3485 2333 3561 Diocletianus
2392 3485 2575 3559 dixit
2621 3509 2637 3559 ε
2690 3483 2891 3560 Sunt.
2958 3485 3155 3560 Pan-

684 3604 962 3682 cratius
1017 3602 1398 3698 respondit
1440 3603 1470 3644 ⁸
1505 3627 1522 3676 :
1561 3600 1648 3676 Si
1681 3601 1978 3675 liberum
2025 3599 2275 3674 habent
2308 3599 2712 3694 arbitrium,
2776 3602 3157 3700 relinquite
3270 3592 3273 3595 ¹

690 3722 795 3795 eis
805 3725 1217 3819 potestatem
1249 3718 1300 3812 ⁹,
1319 3725 1396 3792 ut
1431 3719 1579 3816 ipsi
1601 3714 1805 3790 nobis
1841 3717 1902 3756 ¹⁰
1938 3717 2277 3814 imperent
2309 3723 2387 3789 ut
2419 3740 2464 3789 a
2500 3713 2697 3789 nobis
2728 3717 3047 3790 colantur
3067 3718 3153 3811 ¹¹,

683 3838 834 3936 ipsi
875 3860 950 3910 se
1009 3821 1096 3908 de
1149 3858 1288 3908 non
1323 3831 1695 3908 colentibus
1728 3833 2081 3906 vindicent
2126 3832 2210 3926 ¹²,
2259 3833 2404 3930 ipsi
2459 3855 2663 3905 suam
2724 3833 3157 3930 majestatem

687 4077 750 4092 -
787 4049 836 4086 ²⁵
874 4047 1386 4120 possit2—¹⁸Ac
1419 4045 1604 4102 non2
1637 4074 1702 4085 —
1728 4043 2131 4115 ¹'ipseadd2
2161 4072 2226 4083 —
2258 4043 2500 4099 ²⁸02&ss
2534 4074 2601 4086 -
2642 4042 3073 4111 ”videbam-2,
3107 4052 3159 4100 et

685 4135 814 4190 add.
830 4131 884 4188 ei
901 4132 1251 4188 contraderet
1271 4135 1350 4186 ut.

747 4215 894 4272 Non.
913 4215 964 4272 2
993 4245 1060 4258 -
1101 4215 1124 4251 ²
1163 4211 1741 4283 (Nuntiatum-officio)
1774 4227 1875 4266 om·
1919 4212 1983 4266 1.·
2015 4236 2082 4251 -··
2128 4209 2153 4245 ¹
2175 4227 2277 4265 om·
2315 4209 2365 4265 2.
2403 4237 2471 4249 —
2503 4209 2527 4245 ⁸
2550 4209 2628 4276 (n.
2650 4207 2709 4263 in
2762 4209 2837 4278 q.)
2874 4209 2930 4264 in
2967 4210 3157 4266 nescio

684 4298 874 4370 quales
896 4297 945 4354 2
962 4326 1028 4338 -
1042 4298 1068 4334 ⁴
1091 4296 1453 4368 expendendo
1476 4297 1526 4351 2.
1549 4323 1614 4335 —
1637 4295 1662 4330 ⁸
1679 4293 1762 4362 (Ν.
1786 4295 1851 4362 ε.)
1886 4293 1955 4349 Et
1976 4309 2090 4348 non
2120 4297 2335 4348 tantum
2358 4293 2407 4347 2
2436 4323 2497 4334 —
2520 4291 2544 4328 ⁸
2568 4296 2625 4347 et
2645 4293 2773 4346 add.
2794 4292 2844 4346 2.
2868 4320 2933 4331 -
2956 4291 2979 4327 ²
2996 4291 3087 4347 his
3106 4294 3158 4348 Ξ.

685 4411 752 4422 -
769 4381 795 4418 ⁸
817 4386 947 4436 ante
979 4371 1108 4436 eum
1131 4380 1181 4435 2.
1213 4407 1276 4420 -
1293 4381 1318 4416 ⁹
1339 4379 1424 4447 (D.
1446 4378 1507 4448 j.)
1536 4379 1574 4448 i.
1598 4379 1660 4433 D.
1683 4378 1735 4432 2.
1757 4407 1820 4418 —
1858 4374 2540 4446 10(ᾱοεῑὶηαι·ο·ρ81αὶίιιῐῑι)
2575 4373 2762 4444 palatii
2802 4375 3159 4432 pancratium

685 4465 790 4521 sub
811 4464 966 4520 omni
983 4463 1264 4520 celeritate
1285 4461 1486 4518 adduci
1502 4463 1551 4517 2
1574 4492 1639 4503 -
1657 4460 1706 4496 ²²
1728 4453 2086 4528 (dictumest)
2106 4475 2206 4515 om.
2227 4461 2272 4514 1.

752 4546 892 4603 Nux.
909 4547 958 4602 3.
981 4578 1047 4589 —
1073 4547 1094 4582 ¹
1112 4547 1338 4602 Intuens
1354 4547 1403 4600 2.
1429 4575 1492 4585 —
1515 4544 1540 4580 ²
1561 4561 1662 4600 om.
1677 4545 1733 4598 2.
1766 4572 1832 4584 —
1854 4543 1879 4578 ⁸
1895 4541 2028 4597 dicit
2050 4543 2099 4596 2.
2118 4569 2181 4582 -
2215 4542 2242 4576 ⁴
2263 4541 2342 4606 (in
2364 4558 2418 4597 n.
2443 4558 2495 4611 q.
2518 4542 2584 4609 S.)
2616 4543 2741 4610 post
2770 4557 2934 4610 quam
2969 4541 3160 4597 nescio

685 4629 1132 4701 superstitionem
1156 4629 1205 4684 2.
1230 4656 1296 4668 -
1316 4628 1341 4663 ⁸
1364 4631 1420 4683 et
1444 4629 1569 4682 add.
1591 4626 1640 4681 2.
1677 4652 1741 4665 -
1761 4624 1785 4661 ⁸
1807 4641 1928 4681 esse
1951 4626 2000 4680 2
2020 4651 2075 4664 —
2102 4624 2123 4658 ‘¹
2141 4624 2260 4690 (eos
2276 4623 2310 4678 l.
2328 4641 2375 4678 e.
2394 4623 2463 4688 a.)
2488 4623 2611 4678 illos
2633 4639 2682 4678 a.
2696 4640 2743 4678 e.
2767 4623 2801 4678 l.
2824 4623 2874 4678 Ξ.
2896 4652 2961 4663 -
2984 4623 3164 4679 ⁸dixit

687 4715 737 4770 2.
758 4740 827 4755 -
849 4714 874 4749 ⁹
895 4711 1001 4782 (eis
1020 4713 1156 4783 pot.)
1179 4711 1287 4767 hoc
1309 4710 1368 4766 in
1388 4725 1580 4766 eorum
1597 4712 1873 4779 potestate
1895 4708 1943 4764 2.
1966 4734 2033 4747 -
2057 4707 2105 4744 ¹⁰
2126 4707 2236 4762 hoc
2260 4707 2387 4762 add.
2405 4707 2452 4761 Ξ.
2488 4735 2553 4746 --·
2583 4707 2627 4741 ²¹
2644 4711 2709 4762 ut
2726 4707 2852 4762 add.
2870 4705 3004 4762 2—
3028 4705 3075 4742 ²¹
3096 4711 3165 4764 ut
