3425 5584
1146 432 1336 486 Aen
1385 433 1447 487 s.
1499 433 1670 487 sum
1719 433 2097 488 varanna.
2766 416 2855 491 51

379 624 664 724 quando
697 610 987 699 uidebar
1018 649 1288 720 errare,
1323 625 1406 698 in
1440 627 1654 699 annis
1685 627 1891 700 xxvii
1922 651 2303 724 numquam
2330 633 2691 726 tamquam
2723 652 2861 701 soe-

379 741 602 816 lestus
643 747 770 816 aut
801 741 1158 839 litiyiosus
1181 739 1451 816 oblatus
1473 765 1634 815 sum
1635 741 1885 839 judici
1890 799 1905 814 .
1944 741 2217 841 Septies
2249 745 2328 816 in
2353 742 2523 816 bello
2548 767 2863 841 eyressus

378 881 562 951 sum,
591 863 830 956 etpost
862 857 1214 931 neminem
1255 863 1446 931 retro
1477 858 1639 931 steti
1669 881 1795 931 neo
1829 859 2138 956 alicujus
2166 858 2473 954 inferior
2508 862 2853 957 puynavi.

382 971 728 1072 Princeps
777 997 886 1047 me
934 975 1074 1046 non
1132 973 1316 1047 vidit
1361 973 1751 1071 aliquando
1800 998 2067 1068 errare,
2116 982 2177 1048 et
2224 976 2425 1048 modo
2458 981 2681 1073 putas
2730 1001 2861 1070 me,

309 1113 344 1162 s
385 1091 512 1188 qui
541 1091 622 1162 in
635 1087 1009 1187 prioribus
1034 1088 1074 1124 ⁵
1092 1088 1333 1185 fidelis
1359 1088 1509 1185 fuet
1513 1113 1648 1163 ·am
1680 1114 1723 1162 r
1725 1097 2022 1187 epertus‚
2060 1093 2141 1163 in
2174 1089 2583 1164 melioribus
2616 1091 2864 1186 infide·
2927 1089 3306 1160 *pejoribusv

379 1207 518 1278 lem
555 1229 763 1304 posse
813 1206 1161 1278 inveniri.
1113 1205 1188 1258 2
1212 1204 1586 1280 Maximus
1622 1227 1927 1300 praeses
1950 1206 2375 1300 respondit:
2411 1205 2638 1298 Quam
2672 1207 2862 1279 miti-

379 1321 564 1395 tiam
589 1322 919 1418 gessisti.
904 1321 946 1374 2
984 1301 1226 1396 Julius
1259 1321 1690 1415 respondit:
1735 1320 1879 1396 Sub
1913 1347 2121 1396 arma
2158 1322 2478 1414 militiae,
2512 1329 2577 1395 et
2614 1323 2864 1395 ordine

379 1461 532 1510 meo
588 1460 906 1534 eyressus
943 1460 1106 1510 sum
1137 1443 1526 1510 veteranus.
1589 1436 1883 1535 Semper
1940 1439 2195 1512 timens
2259 1421 2485 1512 Deum
2532 1438 2657 1535 qui
2694 1436 2867 1532 feeit

379 1553 644 1626 eoelum
711 1559 778 1626 et
841 1559 1112 1626 terram
1169 1551 1374 1648 colui,
1428 1553 1548 1626 eui
1606 1555 1823 1626 etiam
1882 1577 2067 1627 nunc
2114 1553 2393 1627 exhibeo
2425 1555 2864 1627 servitutem·

271 1691 346 1742 ιο
379 1668 760 1743 Maximus
791 1689 1094 1763 praeses
1119 1667 1350 1742 dixit:
1387 1668 1572 1763 Juli,
1609 1667 1811 1742 video
1844 1677 1907 1742 te
1938 1671 2320 1767 sapientem
2354 1671 2591 1742 virum
2617 1674 2679 1741 et
2698 1692 2866 1765 yra-

381 1801 554 1859 vem.
615 1783 923 1858 Immola
981 1807 1160 1916 erqo·
1192 1785 1344 1858 diis
1361 1781 1761 1883 persuasus
1819 1809 1865 1858 a
1924 1809 2057 1878 me,
2105 1792 2181 1857 ut
2237 1771 2867 1858 remunerationem

381 1925 724 1998 maynam
747 1901 1219 1998 oonsequaris‘.
1253 1900 1494 1975 Julius
1519 1900 1950 1995 respondit:
1990 1899 2151 1974 Non
2182 1899 2445 1994 facio*
2470 1923 2649 1997 quae
2683 1900 2868 1973 desi-
2970 1915 3132 1972 *σοι
3150 1933 3209 1970 sc
3212 1917 3267 1972 io

381 2017 622 2112 deras,
657 2041 746 2091 ne
775 2019 1148 2091 incurram
1185 2017 1266 2090 in
1287 2039 1591 2115 poenam
1612 2023 2056 2114 perpetuam
2090 2017 2534 2115 Maximus*
2564 2037 2867 2108 praeses
2918 2034 3073 2087 ’.σοα
3091 2033 3317 2086 hocloco

381 2131 626 2208 dixit.
676 2131 764 2207 Si
795 2139 1012 2231 putas
1061 2155 1205 2206 esse
1249 2138 1628 2231 peecatum,
1697 2155 1808 2205 me
1862 2139 2297 2229 assequatur.
2344 2131 2499 2230 qu
2556 2129 2689 2204 tibi
2728 2132 2869 2204 vim
2918 2098 3317 2218 umgaugtw

281 2271 348 2321 ιε
380 2247 600 2346 facio,
647 2272 736 2322 ne
783 2248 1108 2323 videaris
1153 2247 1500 2322 voluntate
1545 2247 2019 2380 adquievisse.
2087 2245 2331 2321 Postea
2378 2245 2537 2320 vero
2582 2269 2871 2320 securus

385 2364 594 2438 vadis
627 2366 706 2437 in
743 2363 1026 2438 domum
1069 2370 1291 2457 tuam,
1327 2365 1686 2462 accipiens
1726 2363 2209 2436 decennalium
2240 2363 2636 2461 pecuniam,
2676 2368 2737 2434 et
2787 2362 2873 2434 de

387 2487 608 2554 cetero
641 2503 838 2554 nemo
863 2478 994 2553 tibi
1017 2481 1158 2553 erit
1182 2479 1532 2553 molestus.
1567 2478 1809 2554 Julius
1843 2479 2269 2573 respondit·
2300 2477 2544 2575 Neque
2563 2479 2871 2574 pecunia

361 2595 554 2710 *haee
577 2602 874 2670 satanae
903 2619 1124 2694 neque
1146 2602 1274 2669 tua
1297 2593 1650 2668 subdola*
1618 2619 1789 2668 naeo
1809 2595 2189 2692 persuasio
2203 2595 2503 2691 privare
2527 2617 2637 2666 me
2648 2599 2873 2690 potest

384 2736 433 2786 a
474 2711 743 2784 lumine
795 2719 1097 2784 aeterno.
1137 2709 1372 2784 Deum
1423 2712 1612 2783 enim
1661 2734 1882 2808 neyar
1883 2733 1919 2782 e
1966 2733 2101 2783 non
2126 2733 2440 2807 possum.
2482 2707 2604 2782 Da
2636 2709 2871 2804 itaque

279 2829 805 2902 ”sententiam
839 2827 1213 2900 adversum
1240 2850 1348 2900 me
1380 2828 1590 2924 quasi
1627 2825 1971 2900 adversus
2005 2823 2541 2906 christianum.-

483 2955 554 3014 3.
601 2943 976 3017 Maximus
1009 2941 1239 3038 dixit:
1277 2941 1456 3016 Nisi
1476 2941 1714 3036 fueris
1746 2940 2103 3039 reyalibus
2140 2940 2537 3046 praeceptis
2589 2939 2872 3014 devotus

385 3067 446 3131 et
475 3057 1012 3154 sacrificaveris,
1041 3065 1248 3155 caput
1281 3064 1478 3130 tuum
1514 3057 1909 3154 amputabo,
1950 3055 2193 3131 Julius
2227 3055 2652 3151 respondit:
2680 3053 2871 3151 Bene

385 3175 730 3273 coqitasti⁶
777 3171 1066 3247 Obsecro
1099 3175 1338 3272 itaque
1361 3179 1446 3267 te,
1471 3175 1600 3271 pie
1615 3196 1925 3270 praeses,
1951 3196 2089 3270 per
2120 3171 2419 3244 salutem
2444 3194 2686 3268 requm
2720 3174 2867 3243 tuo-

387 3313 576 3382 rum,
611 3297 690 3362 ut
721 3290 1068 3387 compleas
1099 3291 1582 3387 ooqitationem
1615 3297 1814 3362 tuam
1850 3295 1915 3361 et
1939 3287 2061 3361 des
2086 3288 2165 3360 in
2190 3311 2299 3360 me
2323 3287 2758 3380 sententiam,
2794 3293 2871 3360 ut

275 3427 350 3478 ιβ
373 3403 848 3502 perficiant-ur
878 3411 1034 3478 vota
1085 3429 1264 3478 mea.
1299 3403 1674 3478 Maximus
1703 3424 2006 3497 praeses
2040 3402 2225 3476 dixit
2261 3425 2276 3476 :
2316 3400 2404 3476 Si
2436 3425 2573 3474 non
2610 3403 2867 3499 paeni-

385 3523 615 3593 tueris
645 3527 708 3593 et
738 3521 1277 3616 sacrificaveris,
1300 3519 1657 3593 desiderio
1694 3527 1809 3592 tuo
1834 3517 2167 3591 traderis
2185 3517 2427 3592 Julius
2451 3515 2864 3608 respondit:

389 3634 479 3710 Sa·
509 3635 634 3709 hoc
665 3660 981 3711 meruero
997 3637 1178 3734 pati,
1193 3641 1543 3734 perpetua
1568 3659 1676 3708 me
1703 3633 1865 3708 laus
1898 3625 2227 3707 manebit.
2247 3633 2619 3706 Maximus
2648 3631 2865 3706 dixit:

388 3749 750 3824 Suadetur
776 3754 815 3788 ⁵
845 3749 998 3824 tibi.
1039 3749 1238 3824 Nam
1272 3752 1343 3824 si
1381 3774 1522 3849 pro
1559 3750 1853 3848 patriae
1886 3748 2151 3846 leyibus
2183 3738 2559 3846 patereris,
2584 3745 2871 3821 haberes
2984 3762 3012 3793 *
3034 3763 3113 3816 ita
3134 3763 3245 3815 coa.

379 3873 799 3965 perpetuam
859 3867 1167 3946 laudem.
1225 3866 1468 3941 Julius
1517 3863 1902 3959 respondit
1938 3887 1953 3937 :
2014 3861 2152 3938 Pro
2189 3862 2455 3961 legibus
2492 3869 2671 3935 certe
2703 3861 2871 3936 haee

277 4001 352 4054 ao
375 3983 640 4080 patior,
681 3981 808 4055 sed
841 3984 982 4080 pro
1030 3982 1323 4056 divinis.
1365 3979 1738 4056 Maximus
1770 3978 1998 4054 dixit:
2043 3977 2235 4070 Quas
2268 3985 2583 4052 mortuus
2616 3985 2679 4050 et
2711 4002 2867 4050 oru-

391 4097 647 4194 oifixus
677 4095 867 4171 vobis
897 4097 1262 4171 tradidit?
1304 4095 1480 4170 Vide
1514 4119 1725 4194 quam
1760 4095 2016 4170 stultus
2041 4117 2136 4189 es,
2170 4096 2293 4192 qui
2314 4095 2487 4191 plus
2518 4101 2869 4166 mortuum

389 4215 648 4288 metuis
678 4197 892 4312 quam
939 4236 1136 4310 reyes
1169 4215 1296 4311 qui
1319 4214 1582 4286 vivunt.
1624 4211 1865 4286 Julius
1900 4210 2281 4304 respondit
2318 4233 2335 4282 :
2374 4207 2509 4282 Ille
2557 4216 2871 4284 mortuus

389 4336 492 4404 est
509 4352 650 4427 pro
678 4330 994 4426 peccatis
1042 4330 1308 4402 nostris
1351 4334 1427 4401 ut
1476 4329 1696 4400 vitam
1757 4325 1953 4399 nobis
2004 4325 2207 4399 daret
2253 4331 2634 4400 aeternam.
2684 4323 2872 4397 Deus

389 4467 548 4520 vero
584 4444 768 4517 idem
797 4445 951 4542 ipse
985 4443 1318 4519 Christus
1326 4448 1700 4542 permanet
1736 4444 1817 4515 in
1841 4442 2123 4515 saecula
2148 4441 2609 4515 saeculorum.
2656 4438 2871 4532 Quem

275 4581 350 4634 ³⁶
387 4562 461 4636 si
508 4563 673 4659 quis
729 4559 1089 4656 confessus
1128 4560 1371 4655 fuerit,
1439 4558 1714 4633 habebit
1762 4561 1981 4633 vitam
2030 4566 2383 4632 aeternam
2400 4585 2437 4650 ,·
2470 4559 2595 4655 qui
2643 4561 2873 4629 autem

393 4679 772 4774 neyaverit,
801 4675 1000 4750 habet
1019 4701 1325 4775 poenam
1348 4683 1791 4774 perpetuam.
1814 4673 2185 4748 Maximus
2220 4672 2449 4747 dixit:
2488 4669 2874 4746 Gondolens

392 4790 530 4866 tibi
559 4791 648 4865 do
683 4792 1058 4867 eonsilium
1095 4799 1174 4867 ut
1211 4792 1442 4890 maqis
1473 4789 1829 4885 sacrifices
1878 4795 1939 4863 et
1970 4791 2165 4863 vivas
2210 4787 2586 4862 nobiseum.
2636 4784 2887 4862 Julius
