<?xml version="1.0" encoding="UTF-8"?>
<!DOCTYPE html PUBLIC "-//W3C//DTD XHTML 1.0 Transitional//EN"
    "http://www.w3.org/TR/xhtml1/DTD/xhtml1-transitional.dtd">
<html xmlns="http://www.w3.org/1999/xhtml" xml:lang="en" lang="en">
 <head>
  <title>
</title>
<meta http-equiv="Content-Type" content="text/html;charset=utf-8" />
  <meta name='ocr-system' content='tesseract 3.04.00' />
  <meta name='ocr-capabilities' content='ocr_page ocr_carea ocr_par ocr_line ocrx_word'/>
</head>
<body>
  <div class='ocr_page' id='page_1' title='image "analectabolland00unkngoog_0440.png"; bbox 0 0 3425 5584; ppageno 0'>
   <div class='ocr_carea' id='block_1_1' title="bbox 1292 467 2781 543">
    <p class='ocr_par' dir='ltr' id='par_1_1' title="bbox 1292 467 2781 543">
     <span class='ocr_line' id='line_1_1' title="bbox 1292 467 2781 543; baseline -0.001 -1"><span class='ocrx_word' id='word_1_1' title='bbox 1292 489 1383 542; x_wconf 80' lang='lat' dir='ltr'>m:</span> <span class='ocrx_word' id='word_1_2' title='bbox 1433 489 1496 543; x_wconf 87' lang='lat' dir='ltr'>S.</span> <span class='ocrx_word' id='word_1_3' title='bbox 1549 488 1793 543; x_wconf 68' lang='lat' dir='ltr'>smus,</span> <span class='ocrx_word' id='word_1_4' title='bbox 2634 467 2781 542; x_wconf 75' lang='lat'>427</span> 
     </span>
    </p>
   </div>
   <div class='ocr_carea' id='block_1_2' title="bbox 191 681 2786 4243">
    <p class='ocr_par' dir='ltr' id='par_1_2' title="bbox 191 681 2786 4243">
     <span class='ocr_line' id='line_1_2' title="bbox 301 681 2778 776; baseline 0 -22"><span class='ocrx_word' id='word_1_5' title='bbox 301 681 652 756; x_wconf 90' lang='lat' dir='ltr'>omnibus</span> <span class='ocrx_word' id='word_1_6' title='bbox 686 683 816 774; x_wconf 88' lang='lat' dir='ltr'>qui</span> <span class='ocrx_word' id='word_1_7' title='bbox 850 682 993 756; x_wconf 89' lang='lat' dir='ltr'>sub</span> <span class='ocrx_word' id='word_1_8' title='bbox 1035 681 1395 776; x_wconf 85' lang='lat' dir='ltr'>regimine</span> <span class='ocrx_word' id='word_1_9' title='bbox 1443 681 1646 756; x_wconf 90' lang='lat' dir='ltr'>beati</span> <span class='ocrx_word' id='word_1_10' title='bbox 1693 681 2099 756; x_wconf 85' lang='lat' dir='ltr'>Philiberti‘</span> <span class='ocrx_word' id='word_1_11' title='bbox 2122 681 2778 772; x_wconf 86' lang='lat' dir='ltr'>conversabantur,</span> 
     </span>
     <span class='ocr_line' id='line_1_3' title="bbox 299 795 2781 890; baseline -0 -21"><span class='ocrx_word' id='word_1_12' title='bbox 299 801 384 869; x_wconf 93' lang='lat' dir='ltr'>ut</span> <span class='ocrx_word' id='word_1_13' title='bbox 407 796 859 890; x_wconf 85' lang='lat' dir='ltr'><strong>quicumque</strong></span> <span class='ocrx_word' id='word_1_14' title='bbox 887 795 1250 872; x_wconf 89' lang='lat' dir='ltr'>vidissent</span> <span class='ocrx_word' id='word_1_15' title='bbox 1272 819 1534 872; x_wconf 87' lang='lat' dir='ltr'>eorum</span> <span class='ocrx_word' id='word_1_16' title='bbox 1559 796 2205 873; x_wconf 82' lang='lat' dir='ltr'>conversationem</span> <span class='ocrx_word' id='word_1_17' title='bbox 2239 795 2467 870; x_wconf 91' lang='lat' dir='ltr'>nimis</span> <span class='ocrx_word' id='word_1_18' title='bbox 2492 800 2781 870; x_wconf 88' lang='lat' dir='ltr'>castam</span> 
     </span>
     <span class='ocr_line' id='line_1_4' title="bbox 299 909 2783 1006; baseline -0.001 -20"><span class='ocrx_word' id='word_1_19' title='bbox 299 933 388 986; x_wconf 90' lang='lat' dir='ltr'>ac</span> <span class='ocrx_word' id='word_1_20' title='bbox 420 912 772 1004; x_wconf 89' lang='lat' dir='ltr'>sobriam,</span> <span class='ocrx_word' id='word_1_21' title='bbox 808 913 1221 988; x_wconf 89' lang='lat' dir='ltr'>imitatores</span> <span class='ocrx_word' id='word_1_22' title='bbox 1267 934 1530 988; x_wconf 88' lang='lat' dir='ltr'>eorum</span> <span class='ocrx_word' id='word_1_23' title='bbox 1579 913 1602 953; x_wconf 89' lang='lat'>¹</span> <span class='ocrx_word' id='word_1_24' title='bbox 1616 914 1642 954; x_wconf 88' lang='lat'>¹</span> <span class='ocrx_word' id='word_1_25' title='bbox 1690 912 1852 987; x_wconf 89' lang='lat' dir='ltr'>fieri</span> <span class='ocrx_word' id='word_1_26' title='bbox 1901 913 2275 1006; x_wconf 82' lang='lat' dir='ltr'>gestirent.</span> <span class='ocrx_word' id='word_1_27' title='bbox 2336 909 2523 1000; x_wconf 84' lang='lat' dir='ltr'>Quis</span> <span class='ocrx_word' id='word_1_28' title='bbox 2580 910 2783 984; x_wconf 90' lang='lat' dir='ltr'>enim</span> 
     </span>
     <span class='ocr_line' id='line_1_5' title="bbox 298 1026 2779 1123; baseline -0.001 -23"><span class='ocrx_word' id='word_1_29' title='bbox 298 1027 800 1103; x_wconf 82' lang='lat' dir='ltr'>humilitatem</span> <span class='ocrx_word' id='word_1_30' title='bbox 826 1041 1088 1102; x_wconf 85' lang='lat' dir='ltr'>eorum</span> <span class='ocrx_word' id='word_1_31' title='bbox 1123 1029 1184 1068; x_wconf 81' lang='lat'>¹⁸</span> <span class='ocrx_word' id='word_1_32' title='bbox 1211 1050 1522 1104; x_wconf 87' lang='lat' dir='ltr'>cernens</span> <span class='ocrx_word' id='word_1_33' title='bbox 1548 1050 1704 1104; x_wconf 95' lang='lat' dir='ltr'>non</span> <span class='ocrx_word' id='word_1_34' title='bbox 1739 1028 2085 1123; x_wconf 89' lang='lat' dir='ltr'>protinus</span> <span class='ocrx_word' id='word_1_35' title='bbox 2119 1026 2779 1121; x_wconf 81' lang='lat' dir='ltr'>compungebatur,</span> 
     </span>
     <span class='ocr_line' id='line_1_6' title="bbox 228 1143 2783 1238; baseline 0 -24"><span class='ocrx_word' id='word_1_36' title='bbox 228 1163 262 1214; x_wconf 68' lang='lat' dir='ltr'><strong>a</strong></span> <span class='ocrx_word' id='word_1_37' title='bbox 297 1149 430 1216; x_wconf 89' lang='lat' dir='ltr'>aut</span> <span class='ocrx_word' id='word_1_38' title='bbox 485 1143 658 1236; x_wconf 89' lang='lat' dir='ltr'>quis</span> <span class='ocrx_word' id='word_1_39' title='bbox 722 1165 985 1219; x_wconf 90' lang='lat' dir='ltr'>eorum</span> <span class='ocrx_word' id='word_1_40' title='bbox 1044 1145 1490 1220; x_wconf 85' lang='lat' dir='ltr'>modestiam</span> <span class='ocrx_word' id='word_1_41' title='bbox 1554 1151 1630 1220; x_wconf 86' lang='lat' dir='ltr'>et</span> <span class='ocrx_word' id='word_1_42' title='bbox 1692 1143 2201 1238; x_wconf 87' lang='lat' dir='ltr'>quietudinem</span> <span class='ocrx_word' id='word_1_43' title='bbox 2258 1144 2563 1216; x_wconf 89' lang='lat' dir='ltr'>intuens</span> <span class='ocrx_word' id='word_1_44' title='bbox 2624 1162 2783 1214; x_wconf 94' lang='lat' dir='ltr'>non</span> 
     </span>
     <span class='ocr_line' id='line_1_7' title="bbox 297 1255 2779 1354; baseline -0 -23"><span class='ocrx_word' id='word_1_45' title='bbox 297 1257 642 1332; x_wconf 88' lang='lat' dir='ltr'>mirando</span> <span class='ocrx_word' id='word_1_46' title='bbox 695 1259 1135 1353; x_wconf 67' lang='lat' dir='ltr'>obstupuitl</span> <span class='ocrx_word' id='word_1_47' title='bbox 1171 1258 1356 1350; x_wconf 85' lang='lat' dir='ltr'>Quis</span> <span class='ocrx_word' id='word_1_48' title='bbox 1391 1267 1684 1335; x_wconf 86' lang='lat' dir='ltr'>amator</span> <span class='ocrx_word' id='word_1_49' title='bbox 1717 1259 2204 1354; x_wconf 81' lang='lat' dir='ltr'>pecuniarum</span> <span class='ocrx_word' id='word_1_50' title='bbox 2240 1255 2779 1354; x_wconf 88' lang='lat' dir='ltr'>parcimoniam</span> 
     </span>
     <span class='ocr_line' id='line_1_8' title="bbox 297 1371 2779 1469; baseline -0.002 -21"><span class='ocrx_word' id='word_1_51' title='bbox 297 1393 559 1448; x_wconf 88' lang='lat' dir='ltr'>eorum</span> <span class='ocrx_word' id='word_1_52' title='bbox 619 1397 708 1449; x_wconf 92' lang='lat' dir='ltr'>ac</span> <span class='ocrx_word' id='word_1_53' title='bbox 764 1376 1184 1450; x_wconf 88' lang='lat' dir='ltr'>nuditatem</span> <span class='ocrx_word' id='word_1_54' title='bbox 1245 1374 1613 1469; x_wconf 89' lang='lat' dir='ltr'>aspiciens</span> <span class='ocrx_word' id='word_1_55' title='bbox 1671 1396 1831 1450; x_wconf 93' lang='lat' dir='ltr'>non</span> <span class='ocrx_word' id='word_1_56' title='bbox 1892 1381 2161 1458; x_wconf 84' lang='lat' dir='ltr'>totum·</span> <span class='ocrx_word' id='word_1_57' title='bbox 2186 1374 2555 1448; x_wconf 90' lang='lat' dir='ltr'>mundum</span> <span class='ocrx_word' id='word_1_58' title='bbox 2609 1371 2779 1444; x_wconf 89' lang='lat' dir='ltr'>odio</span> 
     </span>
     <span class='ocr_line' id='line_1_9' title="bbox 298 1487 2780 1583; baseline -0 -22"><span class='ocrx_word' id='word_1_59' title='bbox 298 1488 563 1562; x_wconf 87' lang='lat' dir='ltr'>habuit</span> <span class='ocrx_word' id='word_1_60' title='bbox 597 1511 686 1564; x_wconf 89' lang='lat' dir='ltr'>ac</span> <span class='ocrx_word' id='word_1_61' title='bbox 730 1489 792 1530; x_wconf 80' lang='lat'>¹⁸</span> <span class='ocrx_word' id='word_1_62' title='bbox 824 1489 1216 1583; x_wconf 82' lang='lat' dir='ltr'>despexit?</span> <span class='ocrx_word' id='word_1_63' title='bbox 1251 1489 1436 1581; x_wconf 85' lang='lat' dir='ltr'>Quis</span> <span class='ocrx_word' id='word_1_64' title='bbox 1470 1491 1856 1566; x_wconf 89' lang='lat' dir='ltr'>fraudator</span> <span class='ocrx_word' id='word_1_65' title='bbox 1878 1495 2015 1575; x_wconf 84' lang='lat' dir='ltr'>aut</span> <span class='ocrx_word' id='word_1_66' title='bbox 2052 1511 2413 1583; x_wconf 80' lang='lat' dir='ltr'>arrogans</span> <span class='ocrx_word' id='word_1_67' title='bbox 2450 1487 2780 1563; x_wconf 88' lang='lat' dir='ltr'>sobriam</span> 
     </span>
     <span class='ocr_line' id='line_1_10' title="bbox 299 1603 2779 1698; baseline -0.001 -20"><span class='ocrx_word' id='word_1_68' title='bbox 299 1618 559 1679; x_wconf 84' lang='lat' dir='ltr'>eorum</span> <span class='ocrx_word' id='word_1_69' title='bbox 578 1604 811 1679; x_wconf 89' lang='lat' dir='ltr'>vitam</span> <span class='ocrx_word' id='word_1_70' title='bbox 838 1607 1253 1698; x_wconf 81' lang='lat' dir='ltr'>attendenS,</span> <span class='ocrx_word' id='word_1_71' title='bbox 1268 1629 1428 1680; x_wconf 92' lang='lat' dir='ltr'>non</span> <span class='ocrx_word' id='word_1_72' title='bbox 1452 1606 1620 1680; x_wconf 89' lang='lat' dir='ltr'>ilico</span> <span class='ocrx_word' id='word_1_73' title='bbox 1647 1607 1745 1681; x_wconf 93' lang='lat' dir='ltr'>ad</span> <span class='ocrx_word' id='word_1_74' title='bbox 1769 1606 2271 1681; x_wconf 88' lang='lat' dir='ltr'>humilitatem</span> <span class='ocrx_word' id='word_1_75' title='bbox 2294 1603 2779 1696; x_wconf 90' lang='lat' dir='ltr'>semetipsum</span> 
     </span>
     <span class='ocr_line' id='line_1_11' title="bbox 191 1718 2780 1816; baseline 0.001 -28"><span class='ocrx_word' id='word_1_76' title='bbox 191 1741 258 1790; x_wconf 68' lang='grc' dir='ltr'>ιο</span> <span class='ocrx_word' id='word_1_77' title='bbox 298 1721 711 1796; x_wconf 66' lang='lat' dir='ltr'>convertit?</span> <span class='ocrx_word' id='word_1_78' title='bbox 747 1720 930 1810; x_wconf 88' lang='lat' dir='ltr'>Quis</span> <span class='ocrx_word' id='word_1_79' title='bbox 965 1729 1102 1796; x_wconf 86' lang='lat' dir='ltr'>aut</span> <span class='ocrx_word' id='word_1_80' title='bbox 1144 1723 1207 1762; x_wconf 82' lang='lat'>¹⁴</span> <span class='ocrx_word' id='word_1_81' title='bbox 1239 1721 1646 1797; x_wconf 86' lang='lat' dir='ltr'>fornicator</span> <span class='ocrx_word' id='word_1_82' title='bbox 1679 1727 1815 1797; x_wconf 89' lang='lat' dir='ltr'>aut</span> <span class='ocrx_word' id='word_1_83' title='bbox 1844 1722 2210 1816; x_wconf 87' lang='lat' dir='ltr'>profanus</span> <span class='ocrx_word' id='word_1_84' title='bbox 2234 1722 2332 1796; x_wconf 88' lang='lat' dir='ltr'>ad</span> <span class='ocrx_word' id='word_1_85' title='bbox 2365 1718 2780 1794; x_wconf 90' lang='lat' dir='ltr'>orationem</span> 
     </span>
     <span class='ocr_line' id='line_1_12' title="bbox 297 1833 2781 1930; baseline -0.001 -20"><span class='ocrx_word' id='word_1_86' title='bbox 297 1857 608 1910; x_wconf 89' lang='lat' dir='ltr'>cernens</span> <span class='ocrx_word' id='word_1_87' title='bbox 677 1858 806 1911; x_wconf 91' lang='lat' dir='ltr'>eos</span> <span class='ocrx_word' id='word_1_88' title='bbox 873 1836 1299 1930; x_wconf 89' lang='lat' dir='ltr'>subsistere,</span> <span class='ocrx_word' id='word_1_89' title='bbox 1373 1859 1530 1912; x_wconf 93' lang='lat' dir='ltr'>non</span> <span class='ocrx_word' id='word_1_90' title='bbox 1599 1836 1856 1912; x_wconf 83' lang='lat' dir='ltr'>statim</span> <span class='ocrx_word' id='word_1_91' title='bbox 1926 1843 2211 1912; x_wconf 88' lang='lat' dir='ltr'>castam</span> <span class='ocrx_word' id='word_1_92' title='bbox 2280 1858 2367 1911; x_wconf 90' lang='lat' dir='ltr'>ac</span> <span class='ocrx_word' id='word_1_93' title='bbox 2431 1833 2781 1930; x_wconf 88' lang='lat' dir='ltr'>pudicam</span> 
     </span>
     <span class='ocr_line' id='line_1_13' title="bbox 295 1950 2782 2042; baseline -0.002 -16"><span class='ocrx_word' id='word_1_94' title='bbox 295 1957 624 2026; x_wconf 88' lang='lat' dir='ltr'>sectatus</span> <span class='ocrx_word' id='word_1_95' title='bbox 697 1958 812 2027; x_wconf 88' lang='lat' dir='ltr'>est</span> <span class='ocrx_word' id='word_1_96' title='bbox 887 1952 1175 2028; x_wconf 69' lang='lat' dir='ltr'>vitam?</span> <span class='ocrx_word' id='word_1_97' title='bbox 1237 1952 1421 2042; x_wconf 87' lang='lat' dir='ltr'>Quis</span> <span class='ocrx_word' id='word_1_98' title='bbox 1479 1976 1657 2029; x_wconf 89' lang='lat' dir='ltr'>vero</span> <span class='ocrx_word' id='word_1_99' title='bbox 1728 1953 2137 2028; x_wconf 89' lang='lat' dir='ltr'>iracundus</span> <span class='ocrx_word' id='word_1_100' title='bbox 2204 1959 2333 2027; x_wconf 89' lang='lat' dir='ltr'>aut</span> <span class='ocrx_word' id='word_1_101' title='bbox 2404 1952 2467 1993; x_wconf 75' lang='lat'>¹⁶</span> <span class='ocrx_word' id='word_1_102' title='bbox 2531 1950 2782 2024; x_wconf 87' lang='lat' dir='ltr'>furore</span> 
     </span>
     <span class='ocr_line' id='line_1_14' title="bbox 295 2066 2780 2161; baseline -0.001 -20"><span class='ocrx_word' id='word_1_103' title='bbox 295 2067 642 2161; x_wconf 81' lang='lat' dir='ltr'>repletuS‚</span> <span class='ocrx_word' id='word_1_104' title='bbox 673 2067 738 2141; x_wconf 93' lang='lat' dir='ltr'>si</span> <span class='ocrx_word' id='word_1_105' title='bbox 772 2090 902 2143; x_wconf 88' lang='lat' dir='ltr'>eos</span> <span class='ocrx_word' id='word_1_106' title='bbox 934 2068 1271 2161; x_wconf 87' lang='lat' dir='ltr'>attendit,</span> <span class='ocrx_word' id='word_1_107' title='bbox 1307 2091 1466 2144; x_wconf 90' lang='lat' dir='ltr'>non</span> <span class='ocrx_word' id='word_1_108' title='bbox 1493 2091 1797 2145; x_wconf 90' lang='lat' dir='ltr'>omnem</span> <span class='ocrx_word' id='word_1_109' title='bbox 1822 2069 2159 2144; x_wconf 88' lang='lat' dir='ltr'>rancoris</span> <span class='ocrx_word' id='word_1_110' title='bbox 2202 2066 2780 2142; x_wconf 88' lang='lat' dir='ltr'>amaritudinem</span> 
     </span>
     <span class='ocr_line' id='line_1_15' title="bbox 297 2182 2780 2279; baseline -0.001 -23"><span class='ocrx_word' id='word_1_111' title='bbox 297 2182 766 2257; x_wconf 60' lang='lat' dir='ltr'>immutavit?</span> <span class='ocrx_word' id='word_1_112' title='bbox 803 2184 1000 2258; x_wconf 91' lang='lat' dir='ltr'>Tum</span> <span class='ocrx_word' id='word_1_113' title='bbox 1036 2183 1252 2258; x_wconf 91' lang='lat' dir='ltr'>humi</span> <span class='ocrx_word' id='word_1_114' title='bbox 1273 2191 1694 2279; x_wconf 89' lang='lat' dir='ltr'>prostratus</span> <span class='ocrx_word' id='word_1_115' title='bbox 1728 2187 1995 2260; x_wconf 89' lang='lat' dir='ltr'>beatus</span> <span class='ocrx_word' id='word_1_116' title='bbox 2021 2183 2375 2258; x_wconf 90' lang='lat' dir='ltr'>Sidonius</span> <span class='ocrx_word' id='word_1_117' title='bbox 2398 2182 2780 2256; x_wconf 88' lang='lat' dir='ltr'>Christum</span> 
     </span>
     <span class='ocr_line' id='line_1_16' title="bbox 193 2297 2781 2393; baseline 0.001 -26"><span class='ocrx_word' id='word_1_118' title='bbox 193 2316 262 2366; x_wconf 71' lang='grc' dir='ltr'>η</span> <span class='ocrx_word' id='word_1_119' title='bbox 297 2298 378 2372; x_wconf 94' lang='lat' dir='ltr'>in</span> <span class='ocrx_word' id='word_1_120' title='bbox 413 2304 572 2372; x_wconf 92' lang='lat' dir='ltr'>toto</span> <span class='ocrx_word' id='word_1_121' title='bbox 619 2299 682 2338; x_wconf 81' lang='lat'>¹⁰</span> <span class='ocrx_word' id='word_1_122' title='bbox 713 2305 922 2393; x_wconf 88' lang='lat' dir='ltr'>patre</span> <span class='ocrx_word' id='word_1_123' title='bbox 957 2306 1390 2375; x_wconf 89' lang='lat' dir='ltr'>manentem</span> <span class='ocrx_word' id='word_1_124' title='bbox 1441 2299 1822 2376; x_wconf 85' lang='lat' dir='ltr'>humiliter</span> <span class='ocrx_word' id='word_1_125' title='bbox 1866 2301 1928 2340; x_wconf 75' lang='lat'>¹⁷</span> <span class='ocrx_word' id='word_1_126' title='bbox 1962 2300 2309 2391; x_wconf 84' lang='lat' dir='ltr'>adoranS,</span> <span class='ocrx_word' id='word_1_127' title='bbox 2352 2297 2781 2392; x_wconf 86' lang='lat' dir='ltr'>postulabat</span> 
     </span>
     <span class='ocr_line' id='line_1_17' title="bbox 297 2413 2781 2492; baseline -0.001 -5"><span class='ocrx_word' id='word_1_128' title='bbox 297 2415 393 2487; x_wconf 90' lang='lat' dir='ltr'>ab</span> <span class='ocrx_word' id='word_1_129' title='bbox 429 2436 518 2488; x_wconf 90' lang='lat' dir='ltr'>eo</span> <span class='ocrx_word' id='word_1_130' title='bbox 553 2436 633 2490; x_wconf 89' lang='lat' dir='ltr'>se</span> <span class='ocrx_word' id='word_1_131' title='bbox 665 2417 1128 2490; x_wconf 89' lang='lat' dir='ltr'>monachum</span> <span class='ocrx_word' id='word_1_132' title='bbox 1163 2416 1345 2491; x_wconf 89' lang='lat' dir='ltr'>fieri.</span> <span class='ocrx_word' id='word_1_133' title='bbox 1398 2417 1735 2492; x_wconf 88' lang='lat' dir='ltr'>Audiens</span> <span class='ocrx_word' id='word_1_134' title='bbox 1770 2422 2023 2491; x_wconf 89' lang='lat' dir='ltr'>autem</span> <span class='ocrx_word' id='word_1_135' title='bbox 2075 2415 2271 2490; x_wconf 87' lang='lat' dir='ltr'>idem</span> <span class='ocrx_word' id='word_1_136' title='bbox 2310 2413 2781 2488; x_wconf 89' lang='lat' dir='ltr'>venerandus</span> 
     </span>
     <span class='ocr_line' id='line_1_18' title="bbox 296 2527 2782 2627; baseline -0.001 -23"><span class='ocrx_word' id='word_1_137' title='bbox 296 2535 508 2623; x_wconf 90' lang='lat' dir='ltr'>pater</span> <span class='ocrx_word' id='word_1_138' title='bbox 545 2537 888 2605; x_wconf 88' lang='lat' dir='ltr'>sanctam</span> <span class='ocrx_word' id='word_1_139' title='bbox 923 2537 998 2605; x_wconf 92' lang='lat' dir='ltr'>et</span> <span class='ocrx_word' id='word_1_140' title='bbox 1030 2532 1184 2606; x_wconf 88' lang='lat' dir='ltr'>Deo</span> <span class='ocrx_word' id='word_1_141' title='bbox 1218 2531 1523 2626; x_wconf 83' lang='lat' dir='ltr'>dignam</span> <span class='ocrx_word' id='word_1_142' title='bbox 1574 2533 1741 2627; x_wconf 88' lang='lat' dir='ltr'>ejus</span> <span class='ocrx_word' id='word_1_143' title='bbox 1780 2529 2363 2625; x_wconf 86' lang='lat' dir='ltr'>postulationem</span> <span class='ocrx_word' id='word_1_144' title='bbox 2411 2529 2493 2620; x_wconf 81' lang='lat'>¹⁸,</span> <span class='ocrx_word' id='word_1_145' title='bbox 2530 2527 2782 2602; x_wconf 89' lang='lat' dir='ltr'>docuit</span> 
     </span>
     <span class='ocr_line' id='line_1_19' title="bbox 295 2643 2782 2740; baseline -0.002 -22"><span class='ocrx_word' id='word_1_146' title='bbox 295 2665 471 2719; x_wconf 89' lang='lat' dir='ltr'>eum</span> <span class='ocrx_word' id='word_1_147' title='bbox 539 2645 746 2739; x_wconf 91' lang='lat' dir='ltr'>prius</span> <span class='ocrx_word' id='word_1_148' title='bbox 815 2646 1071 2721; x_wconf 92' lang='lat' dir='ltr'>omnia</span> <span class='ocrx_word' id='word_1_149' title='bbox 1130 2669 1325 2740; x_wconf 86' lang='lat' dir='ltr'>quae</span> <span class='ocrx_word' id='word_1_150' title='bbox 1391 2646 1813 2722; x_wconf 88' lang='lat' dir='ltr'>monastica</span> <span class='ocrx_word' id='word_1_151' title='bbox 1872 2651 1944 2721; x_wconf 87' lang='lat' dir='ltr'>et</span> <span class='ocrx_word' id='word_1_152' title='bbox 2008 2644 2417 2740; x_wconf 88' lang='lat' dir='ltr'>apostolica</span> <span class='ocrx_word' id='word_1_153' title='bbox 2464 2645 2525 2684; x_wconf 81' lang='lat'>¹⁹</span> <span class='ocrx_word' id='word_1_154' title='bbox 2567 2643 2782 2737; x_wconf 87' lang='lat' dir='ltr'>jubet</span> 
     </span>
     <span class='ocr_line' id='line_1_20' title="bbox 296 2757 2778 2857; baseline -0.001 -23"><span class='ocrx_word' id='word_1_155' title='bbox 296 2762 577 2854; x_wconf 87' lang='lat' dir='ltr'>regula,</span> <span class='ocrx_word' id='word_1_156' title='bbox 617 2784 704 2836; x_wconf 89' lang='lat' dir='ltr'>ac</span> <span class='ocrx_word' id='word_1_157' title='bbox 738 2762 1042 2837; x_wconf 90' lang='lat' dir='ltr'>demum</span> <span class='ocrx_word' id='word_1_158' title='bbox 1078 2784 1165 2837; x_wconf 89' lang='lat' dir='ltr'>ea</span> <span class='ocrx_word' id='word_1_159' title='bbox 1199 2784 1394 2856; x_wconf 86' lang='lat' dir='ltr'>quae</span> <span class='ocrx_word' id='word_1_160' title='bbox 1425 2765 1937 2857; x_wconf 86' lang='lat' dir='ltr'>postulaverat</span> <span class='ocrx_word' id='word_1_161' title='bbox 1981 2761 2048 2836; x_wconf 90' lang='lat' dir='ltr'>ei</span> <span class='ocrx_word' id='word_1_162' title='bbox 2085 2761 2354 2842; x_wconf 90' lang='lat' dir='ltr'>lubens</span> <span class='ocrx_word' id='word_1_163' title='bbox 2394 2757 2778 2834; x_wconf 88' lang='lat' dir='ltr'>concessit.</span> 
     </span>
     <span class='ocr_line' id='line_1_21' title="bbox 192 2873 2780 2972; baseline -0.001 -24"><span class='ocrx_word' id='word_1_164' title='bbox 192 2899 260 2949; x_wconf 69' lang='grc' dir='ltr'>«ιο</span> <span class='ocrx_word' id='word_1_165' title='bbox 299 2877 708 2971; x_wconf 89' lang='lat' dir='ltr'>Susceptus</span> <span class='ocrx_word' id='word_1_166' title='bbox 781 2877 1034 2971; x_wconf 86' lang='lat' dir='ltr'>itaque</span> <span class='ocrx_word' id='word_1_167' title='bbox 1123 2878 1189 2919; x_wconf 84' lang='lat'>&#39;¹⁰</span> <span class='ocrx_word' id='word_1_168' title='bbox 1253 2878 1332 2952; x_wconf 93' lang='lat' dir='ltr'>in</span> <span class='ocrx_word' id='word_1_169' title='bbox 1401 2877 2054 2972; x_wconf 84' lang='lat' dir='ltr'>congregationem</span> <span class='ocrx_word' id='word_1_170' title='bbox 2126 2877 2191 2917; x_wconf 78' lang='lat'>⁸¹</span> <span class='ocrx_word' id='word_1_171' title='bbox 2258 2874 2545 2950; x_wconf 88' lang='lat' dir='ltr'>studuit</span> <span class='ocrx_word' id='word_1_172' title='bbox 2621 2873 2780 2948; x_wconf 89' lang='lat' dir='ltr'>fieri</span> 
     </span>
     <span class='ocr_line' id='line_1_22' title="bbox 299 2989 2778 3086; baseline -0.002 -20"><span class='ocrx_word' id='word_1_173' title='bbox 299 2991 588 3066; x_wconf 89' lang='lat' dir='ltr'>cunctis</span> <span class='ocrx_word' id='word_1_174' title='bbox 636 2991 946 3068; x_wconf 90' lang='lat' dir='ltr'>humilis</span> <span class='ocrx_word' id='word_1_175' title='bbox 1003 2994 1090 3083; x_wconf 75' lang='lat'>⁸²,</span> <span class='ocrx_word' id='word_1_176' title='bbox 1139 2993 1219 3067; x_wconf 92' lang='lat' dir='ltr'>in</span> <span class='ocrx_word' id='word_1_177' title='bbox 1261 2993 1535 3068; x_wconf 92' lang='lat' dir='ltr'>vestitu</span> <span class='ocrx_word' id='word_1_178' title='bbox 1577 2993 1767 3086; x_wconf 90' lang='lat' dir='ltr'>vilis,</span> <span class='ocrx_word' id='word_1_179' title='bbox 1815 2993 1897 3068; x_wconf 95' lang='lat' dir='ltr'>in</span> <span class='ocrx_word' id='word_1_180' title='bbox 1948 2993 2112 3067; x_wconf 87' lang='lat' dir='ltr'>cibo</span> <span class='ocrx_word' id='word_1_181' title='bbox 2158 2989 2571 3081; x_wconf 81' lang='lat' dir='ltr'>mediocriS,</span> <span class='ocrx_word' id='word_1_182' title='bbox 2607 3010 2778 3082; x_wconf 90' lang='lat' dir='ltr'>pru-</span> 
     </span>
     <span class='ocr_line' id='line_1_23' title="bbox 297 3103 2781 3201; baseline -0 -22"><span class='ocrx_word' id='word_1_183' title='bbox 297 3107 550 3180; x_wconf 86' lang='lat' dir='ltr'>dentia</span> <span class='ocrx_word' id='word_1_184' title='bbox 615 3108 682 3148; x_wconf 80' lang='lat'>⁸⁸</span> <span class='ocrx_word' id='word_1_185' title='bbox 747 3108 1294 3201; x_wconf 89' lang='lat' dir='ltr'>ornatissimus,</span> <span class='ocrx_word' id='word_1_186' title='bbox 1365 3110 1787 3184; x_wconf 90' lang='lat' dir='ltr'>humilitate</span> <span class='ocrx_word' id='word_1_187' title='bbox 1848 3110 1914 3148; x_wconf 75' lang='lat'>²⁴</span> <span class='ocrx_word' id='word_1_188' title='bbox 1982 3107 2223 3182; x_wconf 90' lang='lat' dir='ltr'>cordis</span> <span class='ocrx_word' id='word_1_189' title='bbox 2293 3112 2367 3181; x_wconf 88' lang='lat' dir='ltr'>et</span> <span class='ocrx_word' id='word_1_190' title='bbox 2450 3103 2781 3198; x_wconf 89' lang='lat' dir='ltr'>corporis</span> 
     </span>
     <span class='ocr_line' id='line_1_24' title="bbox 299 3219 2779 3318; baseline -0.002 -21"><span class='ocrx_word' id='word_1_191' title='bbox 299 3223 548 3297; x_wconf 86' lang='lat' dir='ltr'>clarus</span> <span class='ocrx_word' id='word_1_192' title='bbox 589 3224 674 3298; x_wconf 75' lang='lat'>²⁶.</span> <span class='ocrx_word' id='word_1_193' title='bbox 716 3223 852 3298; x_wconf 91' lang='lat' dir='ltr'>His</span> <span class='ocrx_word' id='word_1_194' title='bbox 911 3224 1276 3299; x_wconf 90' lang='lat' dir='ltr'>virtutum</span> <span class='ocrx_word' id='word_1_195' title='bbox 1336 3231 1771 3300; x_wconf 87' lang='lat' dir='ltr'>sanctarum</span> <span class='ocrx_word' id='word_1_196' title='bbox 1831 3222 2179 3318; x_wconf 89' lang='lat' dir='ltr'>operibus</span> <span class='ocrx_word' id='word_1_197' title='bbox 2239 3223 2651 3297; x_wconf 87' lang='lat' dir='ltr'>adornatus</span> <span class='ocrx_word' id='word_1_198' title='bbox 2700 3219 2779 3292; x_wconf 93' lang='lat' dir='ltr'>in</span> 
     </span>
     <span class='ocr_line' id='line_1_25' title="bbox 297 3337 2781 3435; baseline -0.001 -25"><span class='ocrx_word' id='word_1_199' title='bbox 297 3337 544 3412; x_wconf 90' lang='lat' dir='ltr'>medio</span> <span class='ocrx_word' id='word_1_200' title='bbox 602 3340 922 3414; x_wconf 87' lang='lat' dir='ltr'>fratrum</span> <span class='ocrx_word' id='word_1_201' title='bbox 979 3341 1211 3415; x_wconf 88' lang='lat' dir='ltr'>veluti</span> <span class='ocrx_word' id='word_1_202' title='bbox 1268 3341 1561 3435; x_wconf 91' lang='lat' dir='ltr'>lampas</span> <span class='ocrx_word' id='word_1_203' title='bbox 1619 3340 2033 3434; x_wconf 88' lang='lat' dir='ltr'>refulgebat</span> <span class='ocrx_word' id='word_1_204' title='bbox 2082 3361 2417 3415; x_wconf 85' lang='lat' dir='ltr'>accensa.</span> <span class='ocrx_word' id='word_1_205' title='bbox 2460 3338 2781 3412; x_wconf 89' lang='lat' dir='ltr'>Sanctus</span> 
     </span>
     <span class='ocr_line' id='line_1_26' title="bbox 197 3453 2783 3551; baseline -0.001 -24"><span class='ocrx_word' id='word_1_206' title='bbox 197 3474 266 3526; x_wconf 65' lang='grc' dir='ltr'>π</span> <span class='ocrx_word' id='word_1_207' title='bbox 300 3453 525 3547; x_wconf 91' lang='lat' dir='ltr'>igitur</span> <span class='ocrx_word' id='word_1_208' title='bbox 590 3453 1046 3531; x_wconf 88' lang='lat' dir='ltr'>Philibertus</span> <span class='ocrx_word' id='word_1_209' title='bbox 1105 3462 1359 3531; x_wconf 88' lang='lat' dir='ltr'>tantas</span> <span class='ocrx_word' id='word_1_210' title='bbox 1431 3456 1510 3530; x_wconf 90' lang='lat' dir='ltr'>in</span> <span class='ocrx_word' id='word_1_211' title='bbox 1578 3478 1818 3551; x_wconf 88' lang='lat' dir='ltr'>nuper</span> <span class='ocrx_word' id='word_1_212' title='bbox 1886 3476 2245 3530; x_wconf 90' lang='lat' dir='ltr'>converso</span> <span class='ocrx_word' id='word_1_213' title='bbox 2314 3455 2783 3529; x_wconf 87' lang='lat' dir='ltr'>adulescente</span> 
     </span>
     <span class='ocr_line' id='line_1_27' title="bbox 302 3567 2784 3665; baseline -0.001 -21"><span class='ocrx_word' id='word_1_214' title='bbox 302 3591 612 3644; x_wconf 87' lang='lat' dir='ltr'>cernens</span> <span class='ocrx_word' id='word_1_215' title='bbox 645 3571 956 3645; x_wconf 90' lang='lat' dir='ltr'>virtutes</span> <span class='ocrx_word' id='word_1_216' title='bbox 993 3573 1232 3665; x_wconf 89' lang='lat' dir='ltr'>coepit</span> <span class='ocrx_word' id='word_1_217' title='bbox 1264 3594 1438 3646; x_wconf 88' lang='lat' dir='ltr'>eum</span> <span class='ocrx_word' id='word_1_218' title='bbox 1474 3571 1719 3647; x_wconf 89' lang='lat' dir='ltr'>carius</span> <span class='ocrx_word' id='word_1_219' title='bbox 1746 3570 2064 3665; x_wconf 87' lang='lat' dir='ltr'>diligere,</span> <span class='ocrx_word' id='word_1_220' title='bbox 2087 3575 2159 3645; x_wconf 87' lang='lat' dir='ltr'>et</span> <span class='ocrx_word' id='word_1_221' title='bbox 2177 3576 2263 3644; x_wconf 91' lang='lat' dir='ltr'>ut</span> <span class='ocrx_word' id='word_1_222' title='bbox 2286 3570 2365 3643; x_wconf 91' lang='lat' dir='ltr'>in</span> <span class='ocrx_word' id='word_1_223' title='bbox 2392 3569 2683 3662; x_wconf 88' lang='lat' dir='ltr'>incepto</span> <span class='ocrx_word' id='word_1_224' title='bbox 2718 3567 2784 3607; x_wconf 81' lang='lat'>⁸⁶</span> 
     </span>
     <span class='ocr_line' id='line_1_28' title="bbox 300 3682 2784 3780; baseline -0.001 -21"><span class='ocrx_word' id='word_1_225' title='bbox 300 3685 723 3778; x_wconf 90' lang='lat' dir='ltr'>persisteret</span> <span class='ocrx_word' id='word_1_226' title='bbox 773 3687 1032 3761; x_wconf 92' lang='lat' dir='ltr'>sedulo</span> <span class='ocrx_word' id='word_1_227' title='bbox 1101 3709 1606 3780; x_wconf 88' lang='lat' dir='ltr'>praemonere,</span> <span class='ocrx_word' id='word_1_228' title='bbox 1662 3709 1751 3762; x_wconf 91' lang='lat' dir='ltr'>ac</span> <span class='ocrx_word' id='word_1_229' title='bbox 1802 3686 2061 3762; x_wconf 89' lang='lat' dir='ltr'>ceteris</span> <span class='ocrx_word' id='word_1_230' title='bbox 2120 3685 2477 3760; x_wconf 88' lang='lat' dir='ltr'>fratribus</span> <span class='ocrx_word' id='word_1_231' title='bbox 2541 3682 2784 3758; x_wconf 86' lang='lat' dir='ltr'>imita-</span> 
     </span>
     <span class='ocr_line' id='line_1_29' title="bbox 300 3799 2782 3896; baseline -0.001 -23"><span class='ocrx_word' id='word_1_232' title='bbox 300 3801 526 3874; x_wconf 90' lang='lat' dir='ltr'>bilem</span> <span class='ocrx_word' id='word_1_233' title='bbox 578 3802 744 3895; x_wconf 90' lang='lat' dir='ltr'>ejus</span> <span class='ocrx_word' id='word_1_234' title='bbox 798 3802 1361 3878; x_wconf 86' lang='lat' dir='ltr'>conversionem</span> <span class='ocrx_word' id='word_1_235' title='bbox 1426 3803 1727 3896; x_wconf 88' lang='lat' dir='ltr'>saepius</span> <span class='ocrx_word' id='word_1_236' title='bbox 1785 3803 1849 3843; x_wconf 71' lang='lat'>⁸¹¹</span> <span class='ocrx_word' id='word_1_237' title='bbox 1899 3822 2336 3896; x_wconf 88' lang='lat' dir='ltr'>proponere.</span> <span class='ocrx_word' id='word_1_238' title='bbox 2404 3799 2531 3873; x_wconf 92' lang='lat' dir='ltr'>Ille</span> <span class='ocrx_word' id='word_1_239' title='bbox 2606 3819 2782 3872; x_wconf 89' lang='lat' dir='ltr'>vero</span> 
     </span>
     <span class='ocr_line' id='line_1_30' title="bbox 301 3915 2782 4012; baseline -0.001 -23"><span class='ocrx_word' id='word_1_240' title='bbox 301 3937 721 4010; x_wconf 87' lang='lat' dir='ltr'>numquam</span> <span class='ocrx_word' id='word_1_241' title='bbox 750 3939 886 4011; x_wconf 91' lang='lat' dir='ltr'>pro</span> <span class='ocrx_word' id='word_1_242' title='bbox 921 3918 1066 3994; x_wconf 90' lang='lat' dir='ltr'>hac</span> <span class='ocrx_word' id='word_1_243' title='bbox 1088 3940 1169 3993; x_wconf 90' lang='lat' dir='ltr'>re</span> <span class='ocrx_word' id='word_1_244' title='bbox 1202 3917 1278 3992; x_wconf 91' lang='lat' dir='ltr'>in</span> <span class='ocrx_word' id='word_1_245' title='bbox 1317 3919 1536 3993; x_wconf 85' lang='lat' dir='ltr'>corde</span> <span class='ocrx_word' id='word_1_246' title='bbox 1562 3918 1678 3993; x_wconf 91' lang='lat' dir='ltr'>vel</span> <span class='ocrx_word' id='word_1_247' title='bbox 1713 3917 2062 4012; x_wconf 91' lang='lat' dir='ltr'>operibus</span> <span class='ocrx_word' id='word_1_248' title='bbox 2086 3915 2247 3992; x_wconf 94' lang='lat' dir='ltr'>suis</span> <span class='ocrx_word' id='word_1_249' title='bbox 2272 3915 2782 4006; x_wconf 84' lang='lat' dir='ltr'>extollebatur,</span> 
     </span>
     <span class='ocr_line' id='line_1_31' title="bbox 196 4030 2785 4126; baseline 0.001 -27"><span class='ocrx_word' id='word_1_250' title='bbox 196 4049 266 4099; x_wconf 84' lang='lat'>30</span> <span class='ocrx_word' id='word_1_251' title='bbox 301 4032 433 4105; x_wconf 90' lang='lat' dir='ltr'>sed</span> <span class='ocrx_word' id='word_1_252' title='bbox 466 4053 779 4126; x_wconf 90' lang='lat' dir='ltr'>semper,</span> <span class='ocrx_word' id='word_1_253' title='bbox 817 4037 902 4107; x_wconf 91' lang='lat' dir='ltr'>ut</span> <span class='ocrx_word' id='word_1_254' title='bbox 935 4034 1182 4108; x_wconf 90' lang='lat' dir='ltr'>bonus</span> <span class='ocrx_word' id='word_1_255' title='bbox 1216 4033 1491 4108; x_wconf 90' lang='lat' dir='ltr'>Christi</span> <span class='ocrx_word' id='word_1_256' title='bbox 1527 4033 1828 4125; x_wconf 89' lang='lat' dir='ltr'>athleta,</span> <span class='ocrx_word' id='word_1_257' title='bbox 1866 4033 1956 4107; x_wconf 91' lang='lat' dir='ltr'>de</span> <span class='ocrx_word' id='word_1_258' title='bbox 1998 4031 2271 4106; x_wconf 88' lang='lat' dir='ltr'>virtute</span> <span class='ocrx_word' id='word_1_259' title='bbox 2314 4031 2391 4106; x_wconf 94' lang='lat' dir='ltr'>in</span> <span class='ocrx_word' id='word_1_260' title='bbox 2433 4030 2785 4104; x_wconf 89' lang='lat' dir='ltr'>virtutem</span> 
     </span>
     <span class='ocr_line' id='line_1_32' title="bbox 303 4144 2786 4243; baseline 0 -23"><span class='ocrx_word' id='word_1_261' title='bbox 303 4148 825 4223; x_wconf 88' lang='lat' dir='ltr'>transcendere</span> <span class='ocrx_word' id='word_1_262' title='bbox 894 4170 1188 4241; x_wconf 67' lang='lat' dir='ltr'>curam,</span> <span class='ocrx_word' id='word_1_263' title='bbox 1251 4155 1803 4243; x_wconf 84' lang='lat' dir='ltr'>praeceptorem</span> <span class='ocrx_word' id='word_1_264' title='bbox 1864 4171 1953 4224; x_wconf 90' lang='lat' dir='ltr'>ac</span> <span class='ocrx_word' id='word_1_265' title='bbox 2018 4149 2467 4222; x_wconf 88' lang='lat' dir='ltr'>monitorem</span> <span class='ocrx_word' id='word_1_266' title='bbox 2520 4145 2679 4221; x_wconf 90' lang='lat' dir='ltr'>suis</span> <span class='ocrx_word' id='word_1_267' title='bbox 2719 4144 2786 4184; x_wconf 76' lang='lat'>”⁸</span> 
     </span>
    </p>
   </div>
   <div class='ocr_carea' id='block_1_3' title="bbox 303 4259 2782 4452">
    <p class='ocr_par' dir='ltr' id='par_1_3' title="bbox 303 4259 2782 4452">
     <span class='ocr_line' id='line_1_33' title="bbox 303 4259 2782 4358; baseline -0 -22"><span class='ocrx_word' id='word_1_268' title='bbox 303 4261 546 4336; x_wconf 89' lang='lat' dir='ltr'>modis</span> <span class='ocrx_word' id='word_1_269' title='bbox 597 4262 952 4338; x_wconf 91' lang='lat' dir='ltr'>omnibus</span> <span class='ocrx_word' id='word_1_270' title='bbox 1000 4265 1276 4358; x_wconf 87' lang='lat' dir='ltr'>quibus</span> <span class='ocrx_word' id='word_1_271' title='bbox 1327 4270 1617 4358; x_wconf 89' lang='lat' dir='ltr'>poterat</span> <span class='ocrx_word' id='word_1_272' title='bbox 1660 4286 1835 4339; x_wconf 90' lang='lat' dir='ltr'>cum</span> <span class='ocrx_word' id='word_1_273' title='bbox 1883 4263 2151 4337; x_wconf 89' lang='lat' dir='ltr'>timore</span> <span class='ocrx_word' id='word_1_274' title='bbox 2195 4261 2495 4337; x_wconf 93' lang='lat' dir='ltr'>Domini</span> <span class='ocrx_word' id='word_1_275' title='bbox 2544 4259 2782 4336; x_wconf 89' lang='lat' dir='ltr'>imita·</span> 
     </span>
     <span class='ocr_line' id='line_1_34' title="bbox 305 4377 614 4452; baseline 0.006 -2"><span class='ocrx_word' id='word_1_276' title='bbox 305 4377 525 4450; x_wconf 86' lang='lat' dir='ltr'>batur</span> <span class='ocrx_word' id='word_1_277' title='bbox 555 4391 614 4452; x_wconf 74' lang='grc' dir='ltr'>σ.</span> 
     </span>
    </p>
   </div>
   <div class='ocr_carea' id='block_1_4' title="bbox 305 4585 2784 4888">
    <p class='ocr_par' dir='ltr' id='par_1_4' title="bbox 305 4585 2784 4888">
     <span class='ocr_line' id='line_1_35' title="bbox 307 4585 2784 4648; baseline -0 -7"><span class='ocrx_word' id='word_1_278' title='bbox 307 4614 366 4625; x_wconf 91' lang='grc'><strong>-</strong></span> <span class='ocrx_word' id='word_1_279' title='bbox 389 4587 437 4622; x_wconf 87' lang='lat'>¹¹</span> <span class='ocrx_word' id='word_1_280' title='bbox 460 4585 697 4642; x_wconf 83' lang='lat' dir='ltr'>illorum.</span> <span class='ocrx_word' id='word_1_281' title='bbox 736 4617 794 4628; x_wconf 87' lang='lat'>--</span> <span class='ocrx_word' id='word_1_282' title='bbox 823 4587 872 4622; x_wconf 76' lang='lat'>²²</span> <span class='ocrx_word' id='word_1_283' title='bbox 893 4587 1132 4643; x_wconf 88' lang='lat' dir='ltr'>illorum.</span> <span class='ocrx_word' id='word_1_284' title='bbox 1156 4621 1224 4630; x_wconf 92' lang='lat'>-</span> <span class='ocrx_word' id='word_1_285' title='bbox 1249 4589 1296 4623; x_wconf 85' lang='lat'>¹⁸</span> <span class='ocrx_word' id='word_1_286' title='bbox 1319 4592 1388 4643; x_wconf 88' lang='lat' dir='ltr'>et.</span> <span class='ocrx_word' id='word_1_287' title='bbox 1411 4617 1479 4628; x_wconf 92' lang='lat'><strong>—</strong></span> <span class='ocrx_word' id='word_1_288' title='bbox 1503 4588 1552 4624; x_wconf 83' lang='lat'>¹⁴</span> <span class='ocrx_word' id='word_1_289' title='bbox 1572 4592 1780 4643; x_wconf 85' lang='lat' dir='ltr'>autem.</span> <span class='ocrx_word' id='word_1_290' title='bbox 1794 4587 1918 4626; x_wconf 68' lang='lat'>—15</span> <span class='ocrx_word' id='word_1_291' title='bbox 1940 4603 2097 4642; x_wconf 82' lang='lat' dir='ltr'>ac.—</span> <span class='ocrx_word' id='word_1_292' title='bbox 2112 4587 2159 4648; x_wconf 81' lang='lat'>¹.⁸</span> <span class='ocrx_word' id='word_1_293' title='bbox 2178 4591 2351 4641; x_wconf 84' lang='lat' dir='ltr'>tanto.</span> <span class='ocrx_word' id='word_1_294' title='bbox 2371 4614 2430 4625; x_wconf 92' lang='lat'>—</span> <span class='ocrx_word' id='word_1_295' title='bbox 2450 4587 2496 4621; x_wconf 69' lang='grc' dir='ltr'><strong>Π</strong></span> <span class='ocrx_word' id='word_1_296' title='bbox 2512 4603 2637 4640; x_wconf 86' lang='lat' dir='ltr'>cum</span> <span class='ocrx_word' id='word_1_297' title='bbox 2658 4587 2784 4641; x_wconf 80' lang='lat' dir='ltr'>add.</span> 
     </span>
     <span class='ocr_line' id='line_1_36' title="bbox 307 4668 2783 4742; baseline -0.001 -19"><span class='ocrx_word' id='word_1_298' title='bbox 307 4669 444 4742; x_wconf 46' lang='lat'><strong>-·¹⁸</strong></span> <span class='ocrx_word' id='word_1_299' title='bbox 462 4670 982 4738; x_wconf 79' lang='lat' dir='ltr'>expostulationem.</span> <span class='ocrx_word' id='word_1_300' title='bbox 1000 4699 1053 4708; x_wconf 88' lang='lat'><em>-</em></span> <span class='ocrx_word' id='word_1_301' title='bbox 1093 4671 1138 4706; x_wconf 79' lang='lat'>¹⁹</span> <span class='ocrx_word' id='word_1_302' title='bbox 1161 4687 1248 4739; x_wconf 85' lang='lat' dir='ltr'>ap.</span> <span class='ocrx_word' id='word_1_303' title='bbox 1273 4675 1330 4725; x_wconf 89' lang='lat' dir='ltr'>et</span> <span class='ocrx_word' id='word_1_304' title='bbox 1351 4686 1504 4725; x_wconf 91' lang='lat' dir='ltr'>mon.</span> <span class='ocrx_word' id='word_1_305' title='bbox 1526 4701 1589 4711; x_wconf 92' lang='lat'>—</span> <span class='ocrx_word' id='word_1_306' title='bbox 1613 4671 1664 4705; x_wconf 77' lang='lat'>¹⁰</span> <span class='ocrx_word' id='word_1_307' title='bbox 1685 4669 1864 4739; x_wconf 79' lang='lat' dir='ltr'>igitur.</span> <span class='ocrx_word' id='word_1_308' title='bbox 1890 4699 1953 4710; x_wconf 88' lang='lat'><em>-</em></span> <span class='ocrx_word' id='word_1_309' title='bbox 1974 4669 2023 4704; x_wconf 81' lang='lat'>¹¹</span> <span class='ocrx_word' id='word_1_310' title='bbox 2056 4669 2495 4738; x_wconf 75' lang='lat' dir='ltr'>congregatione.</span> <span class='ocrx_word' id='word_1_311' title='bbox 2532 4698 2589 4707; x_wconf 92' lang='lat'>—</span> <span class='ocrx_word' id='word_1_312' title='bbox 2614 4668 2661 4702; x_wconf 76' lang='lat'>²²</span> <span class='ocrx_word' id='word_1_313' title='bbox 2686 4668 2783 4722; x_wconf 87' lang='lat' dir='ltr'>hu·</span> 
     </span>
     <span class='ocr_line' id='line_1_37' title="bbox 305 4749 2783 4888; baseline -0.001 -82"><span class='ocrx_word' id='word_1_314' title='bbox 305 4750 670 4888; x_wconf 36' lang='lat' dir='ltr'>mugga-m„</span> <span class='ocrx_word' id='word_1_315' title='bbox 692 4751 970 4821; x_wconf 80' lang='lat' dir='ltr'>pudicitia.</span> <span class='ocrx_word' id='word_1_316' title='bbox 1007 4782 1072 4792; x_wconf 90' lang='lat'><em>-</em></span> <span class='ocrx_word' id='word_1_317' title='bbox 1105 4753 1154 4788; x_wconf 78' lang='lat'>²⁴</span> <span class='ocrx_word' id='word_1_318' title='bbox 1174 4753 1472 4808; x_wconf 79' lang='lat' dir='ltr'>hilaritate.</span> <span class='ocrx_word' id='word_1_319' title='bbox 1497 4781 1562 4792; x_wconf 90' lang='lat'>—</span> <span class='ocrx_word' id='word_1_320' title='bbox 1586 4753 1634 4788; x_wconf 60' lang='grc' dir='ltr'>’ὅ</span> <span class='ocrx_word' id='word_1_321' title='bbox 1657 4751 2011 4807; x_wconf 81' lang='lat' dir='ltr'>clarissimus.</span> <span class='ocrx_word' id='word_1_322' title='bbox 2029 4781 2092 4791; x_wconf 92' lang='lat'>—</span> <span class='ocrx_word' id='word_1_323' title='bbox 2117 4751 2165 4787; x_wconf 67' lang='grc' dir='ltr'>’θ</span> <span class='ocrx_word' id='word_1_324' title='bbox 2182 4767 2351 4820; x_wconf 83' lang='lat' dir='ltr'>opere</span> <span class='ocrx_word' id='word_1_325' title='bbox 2375 4753 2499 4806; x_wconf 79' lang='lat' dir='ltr'>add.</span> <span class='ocrx_word' id='word_1_326' title='bbox 2523 4778 2589 4788; x_wconf 91' lang='lat'>-</span> <span class='ocrx_word' id='word_1_327' title='bbox 2611 4749 2660 4785; x_wconf 76' lang='lat'>²⁷</span> <span class='ocrx_word' id='word_1_328' title='bbox 2682 4767 2783 4805; x_wconf 84' lang='lat' dir='ltr'>om.</span> 
     </span>
    </p>
   </div>
  </div>
 </body>
</html>
