3425 5584
563 418 708 492 242
1173 434 1292 489 vm
1343 434 1436 489 nu
1486 436 1557 489 B.
1609 434 1904 488 marm
1954 428 2125 487 mm
2174 430 2478 503 msam,-

561 628 848 695 because
896 624 1147 692 Christs
1178 624 1422 708 college
1463 642 1605 689 was
1647 624 1873 690 cleane
1913 622 2254 689 furnished
2280 624 2303 661 ¹
2324 622 2393 689 in
2438 622 2557 690 her
2586 624 2715 707 lyfe
2756 623 2919 689 time
2944 624 3049 708 (as

561 726 786 792 before
814 726 870 791 is
901 724 1254 807 declared),
1277 724 1392 789 the
1413 722 1638 789 cheet'e
1667 740 1819 789 care
1838 722 1985 788 that
1997 721 2358 805 remayned
2371 740 2510 787 was
2540 722 2643 789 for
2662 722 2779 787 the
2804 722 3049 805 college

561 826 635 891 of
669 825 734 890 S‘
761 824 930 889 John
973 822 1507 906 theEvangelist,
1537 820 1755 887 which
1800 840 1942 887 was
1986 821 2055 887 in
2092 840 2371 887 manner
2397 840 2591 887 nowe
2617 826 2685 887 to
2725 823 2810 887 be
2846 821 3053 887 builte

560 925 779 1009 wholy
810 924 982 989 after
1007 924 1126 989 her
1156 922 1360 989 death
1389 920 1645 1004 cheefly
1686 924 1758 987 at
1799 920 1921 987 her
1948 924 2161 986 costes
2190 920 2324 986 and
2350 920 2647 1005 chargeS,
2692 939 2767 987 as
2810 922 2902 1003 hy
2926 921 3051 986 her

558 1026 920 1089 testament
947 1023 1066 1087 she
1111 1021 1246 1087 had
1275 1020 1512 1099 willed‚
1568 1018 1887 1103 although
1914 1020 2001 1085 he
2028 1018 2250 1085 added
2278 1018 2496 1085 therto
2524 1040 2616 1087 no
2644 1019 2837 1085 small
2866 1038 3053 1085 some

560 1127 676 1188 out
697 1124 770 1187 of
791 1122 892 1187 his
921 1120 1113 1193 owne
1141 1140 1340 1203 purse
1364 1120 1476 1203 (1).

639 1228 758 1287 37.
802 1220 931 1286 For
967 1221 1212 1302 though
1248 1220 1366 1285 she
1403 1212 1478 1285 o'f
1491 1220 1652 1285 here
1691 1237 1877 1285 mere
1912 1217 2279 1284 liberallitie
2314 1236 2479 1301 gave
2504 1220 2595 1302 by
2614 1219 2731 1285 her
2752 1218 2881 1284 last
2918 1218 3053 1283 will

557 1321 692 1387 and
721 1324 1076 1386 testament
1098 1323 1168 1385 to
1189 1320 1318 1385 this
1333 1318 1580 1401 college
1602 1337 1644 1383 a
1665 1318 1928 1401 portion
1940 1309 2014 1384 of
2029 1318 2189 1383 land
2220 1318 2321 1383 for
2344 1318 2900 1403 maintaynaunce
2916 1318 2992 1382 of
3006 1336 3049 1381 a

557 1418 828 1485 maister
853 1419 988 1485 and
1009 1418 1192 1502 fyftie
1214 1418 1629 1501 schollersffl)
1646 1417 1714 1482 in
1750 1420 2002 1496 vertue,
2018 1416 2340 1500 cunninge
2362 1417 2496 1482 and
2525 1418 2777 1483 service
2809 1417 2884 1482 of
2904 1415 3052 1482 God

559 1520 660 1605 (as
682 1518 796 1583 the
821 1518 952 1583 will
979 1517 1433 1601 mentionem),
1456 1517 1618 1581 with
1641 1515 1728 1582 all
1748 1516 1909 1581 kind
1929 1518 2006 1582 of
2021 1515 2337 1581 furniture
2368 1516 2502 1581 and
2528 1518 2831 1582 servants
2851 1516 3057 1581 need-

557 1618 673 1684 full
715 1618 781 1682 in
805 1636 1004 1700 every
1054 1616 1262 1693 office,
1307 1617 1476 1681 aster
1503 1616 1617 1681 the
1639 1634 1916 1681 manner
1946 1615 2081 1681 and
2124 1614 2334 1681 forme
2362 1614 2436 1680 of
2457 1616 2646 1689 other
2674 1615 2953 1697 colleges
2984 1616 3055 1679 in

559 1716 1046 1799 Cambrige,yet
1060 1716 1174 1781 did
1195 1716 1282 1780 he
1303 1720 1422 1780 not
1442 1716 1595 1799 only
1609 1716 1811 1781 beare
1835 1734 1875 1779 a
1894 1715 2159 1798 portion
2172 1714 2247 1783 of
2261 1714 2373 1780 the
2388 1714 2742 1798 buyldinge
2754 1732 2935 1798 upon
2948 1714 3054 1779 his

560 1835 750 1880 owne
781 1816 1039 1897 charge,
1063 1815 1184 1879 but
1206 1815 1346 1879 also
1378 1814 1574 1879 much
1598 1813 2000 1896 augmented
2027 1817 2099 1897 yt
2140 1814 2209 1878 in
2236 1814 2671 1896 possession5‚
2695 1812 3055 1894 foundinge

565 1914 747 1979 there
779 1914 925 1979 four
953 1912 1372 1995 fellowships,
1417 1933 1460 1978 a
1500 1912 1739 1978 reader
1779 1912 1853 1978 of
1874 1932 1961 1977 an
1988 1913 2297 1978 hebrewe
2328 1912 2552 1993 lectur,
2576 1932 2617 1977 a
2645 1911 2879 1977 reader
2908 1913 2983 1977 of
3004 1932 3049 1977 a

567 2292 1058 2375 Cantabrigiam
1087 2293 1280 2373 igitur
1309 2312 1630 2369 reversuS,
1660 2295 2021 2375 postquam
2062 2292 2197 2356 iam
2238 2291 2577 2373 collegium
2614 2290 2857 2357 Christi
2902 2310 3056 2374 per·

567 2393 811 2457 fectum
855 2396 922 2457 et
965 2392 1340 2457 absolutum
1379 2392 1560 2471 vidit,
1599 2391 1668 2456 in
1705 2390 2231 2456 aedificationem
2270 2390 2463 2455 huius
2506 2392 2662 2455 novi
2706 2394 3053 2456 matronae

564 2491 749 2557 istius
780 2491 1172 2573 sumptibUS,
1205 2494 1279 2555 ut
1321 2493 1719 2556 testamento
1749 2510 1869 2555 suo
1902 2490 2255 2572 legaverat,
2284 2491 2461 2555 totus
2510 2489 2825 2568 incubuit,
2854 2489 2961 2555 cui
2990 2493 3054 2555 et

566 2592 709 2673 ipse
739 2591 820 2655 de
853 2610 972 2656 suo
995 2590 1325 2674 permulta
1349 2590 1626 2655 addidit.

649 2696 763 2754 37.
820 2689 992 2753 Nam
1049 2708 1198 2753 cum
1257 2689 1369 2753 illa
1420 2690 1846 2754 constituerat
1904 2692 2163 2753 tantum
2222 2688 2672 2771 praepositum
2722 2706 2931 2753 unum
2986 2692 3055 2753 et

567 2789 1040 2871 quinquaginta
1090 2787 1440 2870 discipulos
1492 2786 1604 2870 qui
1653 2788 1745 2852 ibi
1788 2792 1855 2852 et
1914 2787 2261 2869 doctrinae
2302 2790 2366 2853 et
2420 2788 2649 2870 pietati
2700 2808 2779 2853 ac
2824 2787 3048 2852 divino

568 2887 768 2953 cultui
818 2906 1089 2969 operam
1133 2887 1387 2965 darent,
1429 2891 1693 2970 praeter
1736 2886 2069 2951 ministros
2119 2886 2379 2969 aliaque
2416 2887 2639 2951 omnia
2670 2886 2755 2951 ad
2798 2887 3054 2968 perfec-

567 2988 808 3052 tionem
835 2986 1084 3077 collegii
1107 2987 1500 3063 necessaria,
1531 2986 1724 3063 alere,
1756 2985 1861 3052 ille
1890 2989 1957 3051 et
1986 2986 2590 3070 aedificii-aliquam
2621 2990 2879 3069 partem
2910 2987 3047 3051 suis

565 3086 857 3168 pecuniis
899 3086 1237 3164 exstruxit,
1268 3090 1334 3150 et
1369 3086 1603 3150 fundos
1642 3086 1971 3168 quosdam
1994 3089 2060 3151 et
2092 3086 2535 3169 possessiones
2568 3085 2769 3163 dedit,
2803 3084 3045 3167 quibus

568 3187 880 3266 quattuor
929 3183 1210 3249 maiores
1251 3184 1408 3249 socii
1461 3204 1612 3249 cum
1662 3185 2033 3267 professore
2084 3204 2219 3250 uno
2256 3184 2517 3267 linguae
2567 3183 2935 3262 hebraicae,
2990 3188 3059 3249 et

567 3300 841 3363 graecae
885 3282 1110 3360 alter0,
1141 3287 1455 3365 quattuor
1496 3283 1653 3348 item
1683 3284 2170 3349 examinatores
2204 3284 2561 3357 iuventutis
2586 3282 2941 3365 praecipui,
2988 3284 3055 3347 et

565 3379 674 3443 alii
703 3384 1012 3462 quattuor
1041 3382 1328 3446 minores
1360 3380 1471 3465 qui
1498 3381 1887 3463 primarium
1926 3380 2370 3464 professorem
2397 3381 2721 3459 iuvarent,
2750 3380 3049 3446 subsidia

565 3479 740 3543 vitae
769 3497 929 3544 suae
959 3483 1022 3545 et
1045 3480 1358 3545 alimenta
1401 3480 1791 3561 acciperent.
1838 3480 1917 3545 Et
1946 3481 2100 3563 quia
2142 3481 2357 3563 pretia
2385 3498 2604 3545 rerum
2637 3480 2963 3545 venalium
2987 3480 3056 3544 in

638 3694 751 3747 36.
793 3694 812 3727 ²
831 3694 1097 3749 firnished
1125 3696 1168 3748 l.

641 3776 752 3829 37.
792 3776 812 3811 ¹
831 3776 928 3829 the
946 3777 1002 3831 2.

641 3972 714 4039 (1)
731 3972 794 4026 V.
814 3989 925 4027 une
937 3972 1068 4027 liste
1088 3974 1157 4027 de
1176 3990 1265 4028 ses
1283 3973 1550 4044 largesses
1569 3973 1945 4043 personnelles
1963 3974 2096 4028 chez
2120 3972 2553 4038 Levis-Turner,
2566 3972 2853 4037 omi-cite,
2868 3972 2978 4027 vol.
2993 3972 3065 4037 11,

573 4072 623 4122 p.
640 4055 812 4109 296-7.
843 4083 903 4093 -
923 4054 996 4121 (2)
1021 4054 1244 4124 D’apres
1261 4057 1316 4111 la
1338 4056 1530 4110 charte
1548 4057 1618 4109 de
1641 4055 1931 4110 fondation
1950 4056 2025 4110 du
2046 4048 2237 4110 9'avril
2262 4056 2409 4117 1511,
2434 4055 2527 4125 qui
2553 4055 2866 4124 permettait
2880 4056 3063 4110 l'erec-

577 4137 694 4191 tion
719 4137 850 4191 d'un
873 4138 1083 4206 college
1116 4142 1287 4193 unius
1309 4142 1580 4206 mayae'strt‘,
1608 4140 1881 4193 sociorum
1906 4146 1955 4193 et
1982 4140 2317 4193 scholarium
2358 4141 2431 4193 ad
2462 4156 2753 4193 nanterum
2792 4140 3069 4206 quinqua-

570 4222 726 4287 qinta
759 4222 1133 4274 saecularium
1149 4238 1519 4289 personarum
1543 4222 1622 4275 vel
1644 4224 1807 4288 circa,
1860 4225 1920 4274 in
1943 4223 2184 4276 scientiis
2207 4222 2525 4277 liberalibus
2548 4229 2595 4275 et
2616 4237 2781 4275 saera
2800 4221 3067 4288 theoloqta

576 4304 910 4356 studentium
938 4311 987 4356 et
1009 4312 1382 4358 oraturorum.
1407 4303 1814 4372 Baker-Mayor‚
1834 4319 1993 4360 ouvr.
2010 4304 2133 4369 cite,
2150 4322 2204 4373 p.
2226 4304 2307 4358 68.
2348 4302 2428 4358 En
2454 4302 2553 4357 fait
2574 4320 2671 4357 sur
2702 4302 2756 4357 la
2778 4302 3068 4357 fondation

577 4385 644 4438 de
666 4384 816 4452 Lady
843 4384 1173 4452 Marguerite
1197 4386 1237 4439 il
1263 4386 1349 4455 n’y
1373 4390 1468 4440 eut
1498 4386 1700 4453 iamais
1736 4402 1844 4456 que
1880 4386 2184 4455 vingt-huit
2206 4389 2432 4457 agr-egee
2465 4390 2523 4441 et
2554 4402 2664 4441 une
2695 4384 2973 4453 vingtaine
2996 4384 3069 4437 de

576 4467 802 4535 simples
827 4468 1120 4521 etudianta
1140 4468 1248 4522 Des
1266 4468 1445 4538 litiges
1471 4468 1719 4539 d'argent
1742 4486 1812 4523 en
1834 4468 2023 4524 furent
2043 4468 2097 4522 la
2113 4484 2277 4524 cause
2300 4469 2513 4537 d’apres
2534 4468 2743 4522 Fisher.
2762 4467 2869 4521 Cfr,
2886 4466 3069 4535 Early

577 4550 816 4603 Statutes
849 4550 914 4616 of
942 4550 1020 4603 St.
1066 4551 1260 4605 John's
1309 4552 1532 4619 Callope,
1573 4551 1654 4605 tit.
1695 4553 1761 4605 de
1782 4556 2055 4606 sociorum
2080 4553 2358 4620 qualitate.
2381 4552 2529 4605 Dans
2562 4550 2617 4604 la
2648 4550 2793 4605 suite
2826 4548 3070 4603 d’autroe

579 4631 876 4686 donatione
923 4631 1145 4686 vim-ent
1167 4638 1437 4688 accrottre
1468 4633 1548 4687 les
1579 4649 1818 4687 revenns
1841 4635 1917 4688 du
1951 4633 2177 4709 college.
2214 4638 2271 4689 et
2292 4637 2513 4703 pariant
2546 4634 2597 4689 lo
2620 4632 2854 4688 nombre
2877 4632 2947 4686 de
2976 4647 3070 4685 8ae

577 4718 806 4783 agi-eges
831 4730 970 4783 :par
992 4714 1261 4785 exemplo,
1287 4715 1367 4770 les
1391 4714 1710 4771 fondations
1734 4716 1804 4770 de
1824 4716 1963 4771 Jean
1984 4716 2179 4771 Fisher
2208 4716 2509 4781 lui-meme,
2534 4716 2668 4770 dont
2700 4715 2739 4770 il
2765 4719 2975 4769 vactro
2995 4714 3073 4768 ici

579 4796 854 4866 question.
