3425 5584
1245 521 1336 575 ns
1387 522 1452 576 S.
1503 520 1745 574 sarus
2593 503 2735 576 4'31

248 721 560 805 nuntur‚
613 721 688 789 et
729 714 872 788 sub
907 712 1071 807 ipso
1106 717 1316 806 patre
1351 711 1840 806 semetipsum
1883 713 1914 754 ⁸
1948 713 2394 789 constrinxit
2436 736 2743 790 omnem

249 829 763 905 oboedientiae
789 827 1256 922 disciplinam
1283 832 1783 921 servaturum,
1810 827 2053 903 sciens
2079 829 2442 924 scriptum
2470 851 2637 906 esse
2664 833 2739 905 ¹’:
2836 895 2847 905 .

247 943 564 1018 oboedire
621 948 857 1043 mayis
893 944 1182 1042 placere
1245 943 1307 984 ¹⁰
1361 941 1511 1017 Deo
1567 966 1781 1040 qaam
1838 945 2167 1018 victimas
2226 953 2289 1018 et
2338 947 2742 1020 auamdtare
2782 1027 2789 1034 ,

249 1063 486 1159 maqis
535 1083 750 1157 quam
796 1057 1054 1155 offerre
1094 1057 1377 1156 adipem
1425 1055 1891 1156 pacificarum
1952 1059 2035 1133 ¹¹.

179 1199 211 1246 ⁵
351 1177 473 1251 VI.
525 1176 612 1250 In
664 1175 927 1250 diebus
968 1174 1116 1248 illis
1149 1191 1182 1227 v
1217 1173 1570 1247 dominus
1617 1173 2055 1266 Audoenus,
2101 1175 2741 1271 Rothomagensis

249 1291 606 1366 ecclesiae
631 1291 1049 1385 episcopuS,
1079 1290 1343 1364 urbem
1371 1287 1803 1362 Romanam
1844 1289 1890 1380 ¹,
1921 1295 2148 1384 caput
2186 1291 2390 1366 orbis
2439 1298 2516 1366 et
2547 1292 2741 1367 chri-

249 1407 544 1482 stianae
595 1405 998 1500 religionis,
1034 1427 1265 1499 quam
1328 1405 1844 1498 apostolorum
1872 1406 2253 1500 principes
2304 1407 2741 1502 corporibus

251 1529 550 1614 ornant,
580 1529 880 1597 caterva
919 1522 948 1561 ⁸
983 1527 1404 1614 martyrum
1437 1521 1791 1595 decorum
1826 1519 1855 1560 ⁸
1881 1521 2084 1595 adire
2110 1521 2497 1616 disposuit.
2527 1523 2741 1599 Multi

249 1646 326 1713 et
359 1637 818 1713 venerabiles
852 1636 990 1710 viri
1027 1642 1102 1710 et
1136 1637 1291 1710 Deo
1323 1635 1572 1710 devoti
1599 1638 1757 1709 una'
1790 1657 1960 1711 cum
1996 1635 2123 1711 illo
2150 1635 2256 1712 ire
2290 1636 2738 1732 gaudebant,

141 1773 214 1824 ιο
253 1755 450 1828 inter
483 1776 676 1847 quos
710 1757 871 1828 erat
897 1758 1208 1827 sanctus
1243 1751 1616 1843 SidoniuS,
1654 1751 1786 1844 qui
1821 1756 1895 1826 et
1935 1752 1965 1792 ⁴
2000 1752 2291 1844 ScotuS,
2307 1753 2740 1830 aedificator

253 1867 692 1944 monasterii
718 1865 922 1961 quod
947 1889 1152 1954 nunc
1179 1867 1420 1942 sancti
1453 1865 1743 1940 Sidonii
1776 1865 2065 1942 dicitur.
2081 1868 2201 1941 Ad
2228 1868 2489 1944 limina
2514 1869 2741 1963 igitur

252 1991 692 2060 sanctorum
742 1983 1257 2077 apostolorum
1304 1979 1620 2075 praefati
1667 1981 1801 2057 Dei
1853 1967 2072 2056 amici
2130 1982 2514 2059 venientes
2561 1992 2741 2061 vota

251 2097 820 2195 supplicationis
868 2103 1027 2172 tam
1065 2120 1203 2192 pro
1258 2119 1339 2172 se
1390 2119 1622 2190 quam
1680 2119 1819 2191 pro
1868 2120 2051 2192 pace
2101 2099 2334 2174 totius
2367 2100 2739 2177 Ecclesiae

254 2216 664 2291 catholicae
715 2215 1172 2304 obtulerunt,
1233 2217 1790 2307 prosternentes
1848 2235 1930 2288 se
1982 2214 2299 2308 singulis
2357 2217 2738 2294 memoriis

145 2359 168 2406 ⁴
184 2357 218 2407 5
261 2332 776 2425 apostolorum
837 2335 913 2404 et
979 2337 1399 2423 martyrum
1467 2327 1817 2404 lacrimas
1896 2329 2139 2424 magis
2212 2353 2443 2425 quam
2511 2334 2741 2408 verba

255 2448 680 2522 fundentes,
701 2445 809 2519 Ibi
835 2444 1154 2538 denique
1181 2444 1275 2519 ad
1300 2443 1847 2518 confessionem
1873 2445 2071 2519 beati
2096 2445 2297 2521 Petri
2324 2467 2497 2520 cum
2532 2446 2739 2520 hunc

254 2584 558 2638 versum
616 2562 884 2636 beatus
932 2560 1348 2634 Audoenus
1399 2558 1759 2653 inciperet
1814 2582 1833 2634 ε
1886 2559 2327 2635 Exultabunt
2376 2563 2611 2634 sancti
2657 2563 2737 2634 in

251 2679 509 2776 qloria,
547 2676 616 2752 ei
648 2676 1009 2751 divinitus
1058 2697 1506 2769 responsum
1542 2680 1657 2750 est
1693 2699 1710 2749 :
1758 2675 2246 2750 Laetabuntur
2277 2679 2359 2749 in
2391 2675 2739 2751 cubilibus

258 2795 434 2869 suis.
497 2792 850 2869 Perfectis
886 2797 1141 2867 autem
1177 2790 1642 2866 orationibus
1677 2793 1877 2885 apud
1924 2792 2089 2867 loca
2119 2798 2553 2872 sanctorum
2607 2793 2737 2868 diu
2866 2828 2871 2832 ·

145 2933 219 2984 20
254 2909 785 3002 desideranteS,
821 2907 1146 3002 acceptis
1196 2906 1553 2982 divinitus
1595 2908 1624 2949 ⁶
1656 2907 2060 3001 responsiS‚
2114 2930 2287 2984 cum
2322 2910 2735 2994 multarum

251 3024 628 3119 suffragiis
702 3023 1211 3118 reliquiarum,
1298 3023 1602 3116 tandem
1688 3021 2071 3121 altissimis
2152 3025 2460 3119 Alpium
2534 3025 2735 3120 jugis

251 3139 741 3232 transmissiS,
755 3139 1168 3214 Galliarum
1193 3137 1793 3232 remigraverunt
1818 3140 1913 3213 ad
1938 3133 2210 3215 solum.
2226 3139 2442 3214 Tunc
2468 3162 2646 3215 omn
2654 3163 2733 3216 es

252 3257 648 3349 utriusque·
679 3277 905 3329 sexus
954 3254 1453 3329 communiter
1501 3253 1856 3330 manibus
1906 3256 2002 3329 ad
2045 3256 2073 3295 ⁶
2132 3256 2423 3331 caelum
2469 3255 2733 3331 levatis

254 3372 623 3447 canebant
663 3395 678 3444 :
719 3369 1024 3444 Gratias
1083 3371 1365 3468 aqimus
1413 3368 1550 3442 tibi
1601 3370 1650 3462 ²,
1705 3369 2003 3464 Christe,
2058 3370 2177 3466 fili
2216 3369 2358 3444 Dei
2389 3373 2553 3466 vivi,
2608 3373 2735 3470 qui

148 3517 223 3568 η
255 3487 618 3561 exaudisti
640 3511 890 3584 preces
939 3485 968 3526 ⁸
1011 3485 1474 3559 clamantium
1526 3485 1625 3558 ad
1671 3492 1755 3579 te,
1793 3491 1856 3558 et
1900 3485 2295 3576 reddidisti
2341 3485 2540 3560 nobis
2561 3488 2730 3560 ani-

249 3627 532 3678 marum
575 3609 988 3677 nostrarum
1009 3609 1357 3698 pastore-3,
1402 3599 1754 3697 simulque
1808 3624 2176 3699 corporum
2209 3607 2726 3700 procuratore&

247 3719 584 3793 Exindex
602 3719 869 3793 beatus
894 3715 1231 3811 pontifex
1253 3715 1668 3790 Audoenus
1692 3721 2042 3791 sanctum
2067 3717 2441 3792 famulum
2454 3716 2729 3794 Christi

249 3835 641 3909 Sidonium
693 3833 786 3906 ad
823 3830 1190 3906 familiare
1224 3828 1366 3906 sibi
1411 3831 1869 3924 colloquium
1904 3833 2254 3906 studebat
2302 3833 2730 3927 frequenter

250 3947 584 4040 invitare,
627 3953 854 4040 atque
887 3947 978 4022 de
1014 3945 1464 4021 utilitatibus
1520 3945 1872 4021 ecclesiae
1921 3968 2094 4021 cum
2128 3969 2217 4021 eo
2252 3948 2727 4041 pertractare.

145 4091 213 4145 30
343 4063 496 4138 VH.
567 4063 860 4138 Interea
919 4060 1570 4156 appropinquabat
1630 4060 1787 4136 dies
1847 4062 2067 4137 beato
2125 4063 2493 4138 Audoeno
2575 4087 2727 4159 quo
2778 4137 2785 4142 .

249 4179 591 4273 cupiebat
623 4177 931 4253 dissolvi
965 4183 1041 4252 et
1071 4196 1235 4253 esse
1270 4198 1444 4251 cum
1473 4176 1769 4251 Christo
1791 4199 1807 4250 ε
1832 4198 2155 4272 cumque
2181 4178 2471 4253 obitum
2499 4201 2725 4255 suum

248 4295 387 4371 sibi
445 4297 470 4336 ¹
495 4293 898 4380 ‚imminere
931 4297 1284 4385 cerneret,
1321 4292 1766 4367 obsecrabat
1789 4291 2195 4368 Dominum
2222 4299 2308 4370 ut
2340 4317 2521 4369 suas
2548 4317 2727 4370 oves

250 4409 471 4505 digno
535 4408 816 4504 pastori
877 4406 1336 4483 committere
1397 4407 1853 4501 dignaretur,
1915 4407 2237 4485 hortans
2309 4410 2338 4451 ⁸
2404 4410 2747 4503 denique.

247 4675 308 4684 —
326 4644 352 4680 ⁸
367 4645 629 4713 seipsum.
652 4674 718 4683 —
742 4641 769 4678 ⁹
789 4659 891 4697 om.
912 4670 978 4680 —
1007 4641 1054 4677 ¹⁰
1077 4640 1272 4710 placet.
1293 4667 1358 4680 —
1383 4640 1431 4675 ¹¹
1452 4641 1827 4712 pacificorum.

312 4725 399 4780 vl.
421 4755 486 4764 —
513 4727 530 4760 ¹
551 4725 806 4779 Romam.
821 4751 886 4764 —
910 4723 934 4758 ⁸
956 4729 1228 4778 catervae.
1245 4750 1310 4763 —
1328 4723 1352 4757 ⁸
1369 4722 1648 4778 decorant.
1685 4752 1751 4762 —
1768 4727 1791 4759 ⁴
1811 4725 1927 4794 (qui
1952 4729 2026 4790 et)
2048 4740 2265 4795 genere.
2283 4751 2348 4764 —
2378 4724 2402 4759 ⁸
2419 4725 2635 4781 divinis.
2662 4758 2724 4768 —

248 4809 360 4864 ‘im
383 4839 446 4848 —
472 4809 494 4842 ‘¹
513 4807 642 4862 Jesu
668 4809 793 4862 add.
815 4835 884 4846 -
907 4806 930 4842 ⁸
953 4823 1133 4862 voces,

309 4887 420 4944 VII.
443 4917 502 4928 —
551 4891 572 4924 ¹
592 4889 728 4957 jam.
751 4915 818 4927 -
841 4887 864 4922 ⁸
902 4890 1100 4942 oravit.
