<?xml version="1.0" encoding="UTF-8"?>
<!DOCTYPE html PUBLIC "-//W3C//DTD XHTML 1.0 Transitional//EN"
    "http://www.w3.org/TR/xhtml1/DTD/xhtml1-transitional.dtd">
<html xmlns="http://www.w3.org/1999/xhtml" xml:lang="en" lang="en">
 <head>
  <title>
</title>
<meta http-equiv="Content-Type" content="text/html;charset=utf-8" />
  <meta name='ocr-system' content='tesseract 3.04.00' />
  <meta name='ocr-capabilities' content='ocr_page ocr_carea ocr_par ocr_line ocrx_word'/>
</head>
<body>
  <div class='ocr_page' id='page_1' title='image "analectabolland00unkngoog_0450.png"; bbox 0 0 3425 5584; ppageno 0'>
   <div class='ocr_carea' id='block_1_1' title="bbox 1215 471 2703 544">
    <p class='ocr_par' dir='ltr' id='par_1_1' title="bbox 1215 471 2703 544">
     <span class='ocr_line' id='line_1_1' title="bbox 1215 471 2703 544; baseline 0 0"><span class='ocrx_word' id='word_1_1' title='bbox 1215 489 1308 544; x_wconf 71' lang='lat' dir='ltr'>nu</span> <span class='ocrx_word' id='word_1_2' title='bbox 1358 491 1420 544; x_wconf 85' lang='lat' dir='ltr'>S.</span> <span class='ocrx_word' id='word_1_3' title='bbox 1473 488 1712 544; x_wconf 69' lang='lat' dir='ltr'>suus,</span> <span class='ocrx_word' id='word_1_4' title='bbox 2557 471 2703 544; x_wconf 78' lang='lat'>437</span> 
     </span>
    </p>
   </div>
   <div class='ocr_carea' id='block_1_2' title="bbox 229 679 2713 3138">
    <p class='ocr_par' dir='ltr' id='par_1_2' title="bbox 231 679 2711 1448">
     <span class='ocr_line' id='line_1_2' title="bbox 303 679 2707 752; baseline 0 -17"><span class='ocrx_word' id='word_1_5' title='bbox 303 683 380 744; x_wconf 86' lang='lat' dir='ltr'>m)</span> <span class='ocrx_word' id='word_1_6' title='bbox 415 688 680 738; x_wconf 74' lang='lat' dir='ltr'>rectorem</span> <span class='ocrx_word' id='word_1_7' title='bbox 715 683 1023 750; x_wconf 73' lang='lat' dir='ltr'>praeficere.</span> <span class='ocrx_word' id='word_1_8' title='bbox 1057 680 1230 736; x_wconf 81' lang='lat' dir='ltr'>Autre</span> <span class='ocrx_word' id='word_1_9' title='bbox 1268 695 1458 736; x_wconf 88' lang='lat' dir='ltr'>errenr</span> <span class='ocrx_word' id='word_1_10' title='bbox 1491 679 1561 735; x_wconf 88' lang='lat' dir='ltr'>de</span> <span class='ocrx_word' id='word_1_11' title='bbox 1593 683 1753 736; x_wconf 83' lang='lat' dir='ltr'>notre</span> <span class='ocrx_word' id='word_1_12' title='bbox 1786 680 2179 752; x_wconf 67' lang='lat' dir='ltr'>hagiographe.</span> <span class='ocrx_word' id='word_1_13' title='bbox 2211 680 2379 737; x_wconf 90' lang='lat' dir='ltr'>Selon</span> <span class='ocrx_word' id='word_1_14' title='bbox 2412 681 2468 736; x_wconf 79' lang='lat' dir='ltr'>la</span> <span class='ocrx_word' id='word_1_15' title='bbox 2502 680 2601 736; x_wconf 86' lang='lat' dir='ltr'>Vie</span> <span class='ocrx_word' id='word_1_16' title='bbox 2638 681 2707 736; x_wconf 88' lang='lat' dir='ltr'>de</span> 
     </span>
     <span class='ocr_line' id='line_1_3' title="bbox 236 778 2711 850; baseline 0.001 -16"><span class='ocrx_word' id='word_1_17' title='bbox 236 780 291 834; x_wconf 92' lang='lat' dir='ltr'>S.</span> <span class='ocrx_word' id='word_1_18' title='bbox 314 778 547 834; x_wconf 74' lang='lat' dir='ltr'>Aicedre</span> <span class='ocrx_word' id='word_1_19' title='bbox 569 797 670 850; x_wconf 79' lang='lat' dir='ltr'>pur</span> <span class='ocrx_word' id='word_1_20' title='bbox 690 796 768 835; x_wconf 89' lang='lat' dir='ltr'>un</span> <span class='ocrx_word' id='word_1_21' title='bbox 789 795 1082 850; x_wconf 76' lang='lat' dir='ltr'>anonyme,</span> <span class='ocrx_word' id='word_1_22' title='bbox 1103 783 1160 836; x_wconf 88' lang='lat' dir='ltr'>et</span> <span class='ocrx_word' id='word_1_23' title='bbox 1181 779 1336 835; x_wconf 82' lang='lat' dir='ltr'>selon</span> <span class='ocrx_word' id='word_1_24' title='bbox 1350 778 1592 846; x_wconf 83' lang='lat' dir='ltr'>Fulbert‚</span> <span class='ocrx_word' id='word_1_25' title='bbox 1627 779 1682 835; x_wconf 89' lang='lat' dir='ltr'>S.</span> <span class='ocrx_word' id='word_1_26' title='bbox 1705 779 1971 835; x_wconf 86' lang='lat' dir='ltr'>Philibert</span> <span class='ocrx_word' id='word_1_27' title='bbox 2000 795 2061 836; x_wconf 84' lang='lat' dir='ltr'>se</span> <span class='ocrx_word' id='word_1_28' title='bbox 2089 781 2225 836; x_wconf 87' lang='lat' dir='ltr'>reud</span> <span class='ocrx_word' id='word_1_29' title='bbox 2248 797 2320 837; x_wconf 83' lang='lat' dir='ltr'>eu</span> <span class='ocrx_word' id='word_1_30' title='bbox 2342 779 2559 848; x_wconf 86' lang='lat' dir='ltr'>Poitou,</span> <span class='ocrx_word' id='word_1_31' title='bbox 2590 785 2711 837; x_wconf 83' lang='lat' dir='ltr'>tant</span> 
     </span>
     <span class='ocr_line' id='line_1_4' title="bbox 233 878 2708 951; baseline 0 -17"><span class='ocrx_word' id='word_1_32' title='bbox 233 895 378 948; x_wconf 86' lang='lat' dir='ltr'>pour</span> <span class='ocrx_word' id='word_1_33' title='bbox 398 879 509 934; x_wconf 73' lang='lat' dir='ltr'>fuir</span> <span class='ocrx_word' id='word_1_34' title='bbox 528 879 584 934; x_wconf 79' lang='lat' dir='ltr'>la</span> <span class='ocrx_word' id='word_1_35' title='bbox 605 879 954 949; x_wconf 80' lang='lat' dir='ltr'>persecution</span> <span class='ocrx_word' id='word_1_36' title='bbox 987 878 1265 945; x_wconf 61' lang='lat' dir='ltr'>&amp;Ebu-oin,</span> <span class='ocrx_word' id='word_1_37' title='bbox 1295 895 1405 950; x_wconf 88' lang='lat' dir='ltr'>que</span> <span class='ocrx_word' id='word_1_38' title='bbox 1428 894 1570 950; x_wconf 87' lang='lat' dir='ltr'>pour</span> <span class='ocrx_word' id='word_1_39' title='bbox 1603 878 1869 934; x_wconf 87' lang='lat' dir='ltr'>chercher</span> <span class='ocrx_word' id='word_1_40' title='bbox 1905 896 1983 935; x_wconf 91' lang='lat' dir='ltr'>un</span> <span class='ocrx_word' id='word_1_41' title='bbox 2004 895 2325 936; x_wconf 70' lang='lat' dir='ltr'>successeur</span> <span class='ocrx_word' id='word_1_42' title='bbox 2346 880 2443 951; x_wconf 87' lang='lat' dir='ltr'>qni</span> <span class='ocrx_word' id='word_1_43' title='bbox 2476 880 2529 936; x_wconf 90' lang='lat' dir='ltr'>le</span> <span class='ocrx_word' id='word_1_44' title='bbox 2562 896 2708 935; x_wconf 91' lang='lat' dir='ltr'>rem·</span> 
     </span>
     <span class='ocr_line' id='line_1_5' title="bbox 232 977 2707 1050; baseline 0 -16"><span class='ocrx_word' id='word_1_45' title='bbox 232 980 416 1049; x_wconf 63' lang='lat' dir='ltr'>placat</span> <span class='ocrx_word' id='word_1_46' title='bbox 437 981 471 1033; x_wconf 71' lang='grc' dir='ltr'>δ</span> <span class='ocrx_word' id='word_1_47' title='bbox 491 979 786 1050; x_wconf 66' lang='lat' dir='ltr'>Jumiesses.</span> <span class='ocrx_word' id='word_1_48' title='bbox 808 979 886 1034; x_wconf 88' lang='lat' dir='ltr'>Ce</span> <span class='ocrx_word' id='word_1_49' title='bbox 921 978 1140 1034; x_wconf 77' lang='lat' dir='ltr'>dernier</span> <span class='ocrx_word' id='word_1_50' title='bbox 1175 977 1344 1034; x_wconf 72' lang='lat' dir='ltr'>motis</span> <span class='ocrx_word' id='word_1_51' title='bbox 1357 979 1500 1034; x_wconf 81' lang='lat' dir='ltr'>n’est</span> <span class='ocrx_word' id='word_1_52' title='bbox 1523 993 1622 1048; x_wconf 78' lang='lat' dir='ltr'>pes</span> <span class='ocrx_word' id='word_1_53' title='bbox 1645 977 1870 1048; x_wconf 79' lang='lat' dir='ltr'>indique</span> <span class='ocrx_word' id='word_1_54' title='bbox 1892 979 2031 1034; x_wconf 78' lang='lat' dir='ltr'>dans</span> <span class='ocrx_word' id='word_1_55' title='bbox 2062 978 2119 1034; x_wconf 76' lang='lat' dir='ltr'>la</span> <span class='ocrx_word' id='word_1_56' title='bbox 2134 977 2235 1034; x_wconf 84' lang='lat' dir='ltr'>Vie</span> <span class='ocrx_word' id='word_1_57' title='bbox 2257 979 2326 1034; x_wconf 89' lang='lat' dir='ltr'>de</span> <span class='ocrx_word' id='word_1_58' title='bbox 2349 979 2403 1034; x_wconf 91' lang='lat' dir='ltr'>S.</span> <span class='ocrx_word' id='word_1_59' title='bbox 2422 979 2707 1045; x_wconf 80' lang='lat' dir='ltr'>Phffibert,</span> 
     </span>
     <span class='ocr_line' id='line_1_6' title="bbox 233 1076 2711 1152; baseline 0 -19"><span class='ocrx_word' id='word_1_60' title='bbox 233 1077 358 1149; x_wconf 85' lang='lat' dir='ltr'>plus</span> <span class='ocrx_word' id='word_1_61' title='bbox 379 1077 722 1150; x_wconf 74' lang='lat' dir='ltr'>repprochee</span> <span class='ocrx_word' id='word_1_62' title='bbox 742 1079 813 1134; x_wconf 91' lang='lat' dir='ltr'>de</span> <span class='ocrx_word' id='word_1_63' title='bbox 833 1094 926 1134; x_wconf 87' lang='lat' dir='ltr'>ees</span> <span class='ocrx_word' id='word_1_64' title='bbox 947 1081 1322 1152; x_wconf 73' lang='lat' dir='ltr'>evenements.</span> <span class='ocrx_word' id='word_1_65' title='bbox 1337 1077 1564 1148; x_wconf 78' lang='lat' dir='ltr'>D&#39;apres</span> <span class='ocrx_word' id='word_1_66' title='bbox 1586 1076 1817 1144; x_wconf 80' lang='lat' dir='ltr'>celle-ci,</span> <span class='ocrx_word' id='word_1_67' title='bbox 1840 1077 2111 1135; x_wconf 84' lang='lat' dir='ltr'>Philibert</span> <span class='ocrx_word' id='word_1_68' title='bbox 2130 1079 2334 1135; x_wconf 78' lang='lat' dir='ltr'>n’uvuit</span> <span class='ocrx_word' id='word_1_69' title='bbox 2348 1095 2448 1150; x_wconf 78' lang='lat' dir='ltr'>pas</span> <span class='ocrx_word' id='word_1_70' title='bbox 2468 1083 2711 1135; x_wconf 79' lang='lat' dir='ltr'>renouce</span> 
     </span>
     <span class='ocr_line' id='line_1_7' title="bbox 235 1176 2709 1251; baseline 0 -19"><span class='ocrx_word' id='word_1_71' title='bbox 235 1177 508 1234; x_wconf 60' lang='lat' dir='ltr'>&amp;revenit</span> <span class='ocrx_word' id='word_1_72' title='bbox 537 1181 574 1233; x_wconf 64' lang='grc' dir='ltr'><strong>ὴ</strong></span> <span class='ocrx_word' id='word_1_73' title='bbox 592 1178 886 1251; x_wconf 71' lang='lat' dir='ltr'>Jumiesses,</span> <span class='ocrx_word' id='word_1_74' title='bbox 905 1182 966 1234; x_wconf 91' lang='lat' dir='ltr'>et</span> <span class='ocrx_word' id='word_1_75' title='bbox 987 1193 1050 1234; x_wconf 88' lang='lat' dir='ltr'>ce</span> <span class='ocrx_word' id='word_1_76' title='bbox 1080 1177 1166 1233; x_wconf 79' lang='lat' dir='ltr'>fut</span> <span class='ocrx_word' id='word_1_77' title='bbox 1191 1176 1248 1233; x_wconf 86' lang='lat' dir='ltr'>S.</span> <span class='ocrx_word' id='word_1_78' title='bbox 1281 1176 1442 1234; x_wconf 89' lang='lat' dir='ltr'>Ouen</span> <span class='ocrx_word' id='word_1_79' title='bbox 1463 1177 1576 1248; x_wconf 86' lang='lat' dir='ltr'>qui,</span> <span class='ocrx_word' id='word_1_80' title='bbox 1609 1181 1801 1233; x_wconf 86' lang='lat' dir='ltr'>contre</span> <span class='ocrx_word' id='word_1_81' title='bbox 1833 1177 1886 1233; x_wconf 95' lang='lat' dir='ltr'>le</span> <span class='ocrx_word' id='word_1_82' title='bbox 1918 1181 2014 1248; x_wconf 67' lang='lat' dir='ltr'>gre</span> <span class='ocrx_word' id='word_1_83' title='bbox 2036 1183 2094 1234; x_wconf 87' lang='lat' dir='ltr'>et</span> <span class='ocrx_word' id='word_1_84' title='bbox 2116 1193 2187 1234; x_wconf 90' lang='lat' dir='ltr'>en</span> <span class='ocrx_word' id='word_1_85' title='bbox 2208 1177 2359 1249; x_wconf 80' lang='lat' dir='ltr'>depit</span> <span class='ocrx_word' id='word_1_86' title='bbox 2381 1178 2451 1233; x_wconf 88' lang='lat' dir='ltr'>de</span> <span class='ocrx_word' id='word_1_87' title='bbox 2473 1179 2527 1234; x_wconf 82' lang='lat' dir='ltr'>le</span> <span class='ocrx_word' id='word_1_88' title='bbox 2550 1178 2709 1234; x_wconf 65' lang='lat' dir='ltr'>resis-</span> 
     </span>
     <span class='ocr_line' id='line_1_8' title="bbox 231 1277 2711 1349; baseline 0 -16"><span class='ocrx_word' id='word_1_89' title='bbox 231 1281 397 1333; x_wconf 75' lang='lat' dir='ltr'>tance</span> <span class='ocrx_word' id='word_1_90' title='bbox 436 1279 536 1334; x_wconf 83' lang='lat' dir='ltr'>des</span> <span class='ocrx_word' id='word_1_91' title='bbox 569 1277 851 1349; x_wconf 60' lang='lat' dir='ltr'>religieux,</span> <span class='ocrx_word' id='word_1_92' title='bbox 889 1282 1042 1334; x_wconf 66' lang='lat' dir='ltr'>tenta</span> <span class='ocrx_word' id='word_1_93' title='bbox 1070 1279 1141 1334; x_wconf 91' lang='lat' dir='ltr'>de</span> <span class='ocrx_word' id='word_1_94' title='bbox 1185 1277 1372 1349; x_wconf 72' lang='lat' dir='ltr'>placer</span> <span class='ocrx_word' id='word_1_95' title='bbox 1425 1277 1891 1334; x_wconf 72' lang='lat' dir='ltr'>successivement</span> <span class='ocrx_word' id='word_1_96' title='bbox 1940 1278 2085 1334; x_wconf 86' lang='lat' dir='ltr'>deux</span> <span class='ocrx_word' id='word_1_97' title='bbox 2124 1277 2297 1334; x_wconf 75' lang='lat' dir='ltr'>abbes</span> <span class='ocrx_word' id='word_1_98' title='bbox 2332 1280 2367 1334; x_wconf 68' lang='grc' dir='ltr'>ὲ</span> <span class='ocrx_word' id='word_1_99' title='bbox 2401 1277 2457 1334; x_wconf 81' lang='lat' dir='ltr'>le</span> <span class='ocrx_word' id='word_1_100' title='bbox 2496 1281 2606 1334; x_wconf 77' lang='lat' dir='ltr'>tete</span> <span class='ocrx_word' id='word_1_101' title='bbox 2642 1279 2711 1334; x_wconf 89' lang='lat' dir='ltr'>de</span> 
     </span>
     <span class='ocr_line' id='line_1_9' title="bbox 241 1377 656 1448; baseline 0.002 -16"><span class='ocrx_word' id='word_1_102' title='bbox 241 1381 387 1433; x_wconf 84' lang='lat' dir='ltr'>cette</span> <span class='ocrx_word' id='word_1_103' title='bbox 421 1377 656 1448; x_wconf 74' lang='lat' dir='ltr'>ubbnye.</span> 
     </span>
    </p>

    <p class='ocr_par' dir='ltr' id='par_1_3' title="bbox 231 1474 2713 1846">
     <span class='ocr_line' id='line_1_10' title="bbox 300 1474 2711 1546; baseline 0.001 -15"><span class='ocrx_word' id='word_1_104' title='bbox 300 1475 480 1546; x_wconf 67' lang='lat' dir='ltr'>Apros</span> <span class='ocrx_word' id='word_1_105' title='bbox 505 1475 626 1532; x_wconf 86' lang='lat' dir='ltr'>leur</span> <span class='ocrx_word' id='word_1_106' title='bbox 649 1475 1076 1542; x_wconf 72' lang='lat' dir='ltr'>reconciliation,</span> <span class='ocrx_word' id='word_1_107' title='bbox 1099 1491 1172 1532; x_wconf 85' lang='lat' dir='ltr'>en</span> <span class='ocrx_word' id='word_1_108' title='bbox 1191 1475 1312 1545; x_wconf 66' lang='lat'>682,</span> <span class='ocrx_word' id='word_1_109' title='bbox 1333 1474 1605 1532; x_wconf 84' lang='lat' dir='ltr'>Philibert</span> <span class='ocrx_word' id='word_1_110' title='bbox 1624 1479 1723 1531; x_wconf 90' lang='lat' dir='ltr'>eut</span> <span class='ocrx_word' id='word_1_111' title='bbox 1742 1477 1780 1530; x_wconf 65' lang='grc' dir='ltr'><strong>ὲ</strong></span> <span class='ocrx_word' id='word_1_112' title='bbox 1800 1475 2011 1533; x_wconf 84' lang='lat' dir='ltr'>choisir</span> <span class='ocrx_word' id='word_1_113' title='bbox 2029 1479 2185 1532; x_wconf 80' lang='lat' dir='ltr'>entre</span> <span class='ocrx_word' id='word_1_114' title='bbox 2206 1475 2287 1532; x_wconf 85' lang='lat' dir='ltr'>les</span> <span class='ocrx_word' id='word_1_115' title='bbox 2324 1477 2473 1532; x_wconf 84' lang='lat' dir='ltr'>deux</span> <span class='ocrx_word' id='word_1_116' title='bbox 2492 1493 2711 1533; x_wconf 78' lang='lat' dir='ltr'>monas·</span> 
     </span>
     <span class='ocr_line' id='line_1_11' title="bbox 233 1574 2713 1648; baseline 0.001 -18"><span class='ocrx_word' id='word_1_117' title='bbox 233 1579 381 1630; x_wconf 81' lang='lat' dir='ltr'>teres</span> <span class='ocrx_word' id='word_1_118' title='bbox 408 1574 543 1646; x_wconf 78' lang='lat' dir='ltr'>qu&#39;il</span> <span class='ocrx_word' id='word_1_119' title='bbox 562 1575 714 1631; x_wconf 73' lang='lat' dir='ltr'>avait</span> <span class='ocrx_word' id='word_1_120' title='bbox 733 1575 1200 1632; x_wconf 72' lang='lat' dir='ltr'>successivement</span> <span class='ocrx_word' id='word_1_121' title='bbox 1219 1575 1422 1645; x_wconf 69' lang='lat' dir='ltr'>diriges</span> <span class='ocrx_word' id='word_1_122' title='bbox 1445 1577 1536 1642; x_wconf 90' lang='lat' dir='ltr'>(l).</span> <span class='ocrx_word' id='word_1_123' title='bbox 1559 1575 1704 1632; x_wconf 81' lang='lat' dir='ltr'>G&#39;est</span> <span class='ocrx_word' id='word_1_124' title='bbox 1725 1575 2035 1632; x_wconf 73' lang='lat' dir='ltr'>seulement</span> <span class='ocrx_word' id='word_1_125' title='bbox 2055 1575 2203 1632; x_wconf 70' lang='lat' dir='ltr'>alors</span> <span class='ocrx_word' id='word_1_126' title='bbox 2227 1591 2351 1648; x_wconf 89' lang='lat' dir='ltr'>que,</span> <span class='ocrx_word' id='word_1_127' title='bbox 2386 1579 2713 1633; x_wconf 81' lang='lat' dir='ltr'>retournant</span> 
     </span>
     <span class='ocr_line' id='line_1_12' title="bbox 231 1664 2711 1748; baseline 0 -17"><span class='ocrx_word' id='word_1_128' title='bbox 231 1693 308 1732; x_wconf 77' lang='lat' dir='ltr'>au</span> <span class='ocrx_word' id='word_1_129' title='bbox 341 1675 543 1732; x_wconf 87' lang='lat' dir='ltr'>Poitou</span> <span class='ocrx_word' id='word_1_130' title='bbox 563 1690 699 1731; x_wconf 73' lang='lat' dir='ltr'>avec</span> <span class='ocrx_word' id='word_1_131' title='bbox 719 1664 1033 1732; x_wconf 80' lang='lat' dir='ltr'>l&#39;intention</span> <span class='ocrx_word' id='word_1_132' title='bbox 1065 1676 1156 1746; x_wconf 77' lang='lat' dir='ltr'>d&#39;y</span> <span class='ocrx_word' id='word_1_133' title='bbox 1187 1673 1316 1730; x_wconf 80' lang='lat' dir='ltr'>tinir</span> <span class='ocrx_word' id='word_1_134' title='bbox 1347 1691 1439 1732; x_wconf 85' lang='lat' dir='ltr'>ses</span> <span class='ocrx_word' id='word_1_135' title='bbox 1457 1675 1634 1745; x_wconf 73' lang='lat' dir='ltr'>iem-s,</span> <span class='ocrx_word' id='word_1_136' title='bbox 1667 1675 1708 1730; x_wconf 88' lang='lat' dir='ltr'>il</span> <span class='ocrx_word' id='word_1_137' title='bbox 1740 1690 1803 1731; x_wconf 88' lang='lat' dir='ltr'>se</span> <span class='ocrx_word' id='word_1_138' title='bbox 1841 1675 2025 1732; x_wconf 89' lang='lat' dir='ltr'>rendit</span> <span class='ocrx_word' id='word_1_139' title='bbox 2057 1677 2092 1731; x_wconf 69' lang='grc' dir='ltr'>ὸ.</span> <span class='ocrx_word' id='word_1_140' title='bbox 2116 1674 2363 1744; x_wconf 80' lang='lat' dir='ltr'>Quineay</span> <span class='ocrx_word' id='word_1_141' title='bbox 2398 1681 2455 1732; x_wconf 87' lang='lat' dir='ltr'>et</span> <span class='ocrx_word' id='word_1_142' title='bbox 2487 1675 2711 1748; x_wconf 71' lang='lat' dir='ltr'>designa</span> 
     </span>
     <span class='ocr_line' id='line_1_13' title="bbox 233 1773 1711 1846; baseline -0.001 -16"><span class='ocrx_word' id='word_1_143' title='bbox 233 1774 471 1831; x_wconf 77' lang='lat' dir='ltr'>Aicudre</span> <span class='ocrx_word' id='word_1_144' title='bbox 491 1789 634 1846; x_wconf 86' lang='lat' dir='ltr'>pour</span> <span class='ocrx_word' id='word_1_145' title='bbox 655 1777 773 1830; x_wconf 74' lang='lat' dir='ltr'>etro</span> <span class='ocrx_word' id='word_1_146' title='bbox 793 1790 898 1830; x_wconf 85' lang='lat' dir='ltr'>son</span> <span class='ocrx_word' id='word_1_147' title='bbox 919 1791 1242 1831; x_wconf 80' lang='lat' dir='ltr'>successeur</span> <span class='ocrx_word' id='word_1_148' title='bbox 1263 1773 1594 1845; x_wconf 65' lang='lat' dir='ltr'>unmieges</span> <span class='ocrx_word' id='word_1_149' title='bbox 1615 1774 1711 1842; x_wconf 71' lang='grc' dir='ltr'><strong>(Ξ).</strong></span> 
     </span>
    </p>

    <p class='ocr_par' dir='ltr' id='par_1_4' title="bbox 232 1873 2712 2142">
     <span class='ocr_line' id='line_1_14' title="bbox 299 1873 2712 1944; baseline 0 -15"><span class='ocrx_word' id='word_1_150' title='bbox 299 1876 356 1940; x_wconf 92' lang='lat' dir='ltr'>n)</span> <span class='ocrx_word' id='word_1_151' title='bbox 391 1881 518 1944; x_wconf 59' lang='lat' dir='ltr'>pou</span> <span class='ocrx_word' id='word_1_152' title='bbox 551 1876 946 1931; x_wconf 65' lang='lat' dir='ltr'>dormitionem.</span> <span class='ocrx_word' id='word_1_153' title='bbox 989 1875 1147 1930; x_wconf 80' lang='lat' dir='ltr'>Gette</span> <span class='ocrx_word' id='word_1_154' title='bbox 1187 1873 1394 1944; x_wconf 73' lang='lat' dir='ltr'>phrase</span> <span class='ocrx_word' id='word_1_155' title='bbox 1436 1877 1522 1929; x_wconf 87' lang='lat' dir='ltr'>eet</span> <span class='ocrx_word' id='word_1_156' title='bbox 1563 1873 1987 1944; x_wconf 79' lang='lat' dir='ltr'>probablement</span> <span class='ocrx_word' id='word_1_157' title='bbox 2028 1873 2100 1929; x_wconf 89' lang='lat' dir='ltr'>de</span> <span class='ocrx_word' id='word_1_158' title='bbox 2143 1876 2303 1929; x_wconf 81' lang='lat' dir='ltr'>notre</span> <span class='ocrx_word' id='word_1_159' title='bbox 2346 1877 2560 1930; x_wconf 80' lang='lat' dir='ltr'>auteur.</span> <span class='ocrx_word' id='word_1_160' title='bbox 2610 1874 2712 1930; x_wconf 77' lang='lat' dir='ltr'>J&#39;ei</span> 
     </span>
     <span class='ocr_line' id='line_1_15' title="bbox 232 1971 2711 2045; baseline 0.001 -17"><span class='ocrx_word' id='word_1_161' title='bbox 232 1976 527 2044; x_wconf 75' lang='lat' dir='ltr'>remei-que</span> <span class='ocrx_word' id='word_1_162' title='bbox 549 1973 952 2042; x_wconf 66' lang='lat' dir='ltr'>(Dissertation,</span> <span class='ocrx_word' id='word_1_163' title='bbox 973 1973 1064 2029; x_wconf 83' lang='lat' dir='ltr'>ch.</span> <span class='ocrx_word' id='word_1_164' title='bbox 1085 1990 1144 2042; x_wconf 85' lang='lat'>11,</span> <span class='ocrx_word' id='word_1_165' title='bbox 1166 1973 1204 2044; x_wconf 66' lang='grc'>5</span> <span class='ocrx_word' id='word_1_166' title='bbox 1229 1973 1313 2042; x_wconf 71' lang='lat'>12)</span> <span class='ocrx_word' id='word_1_167' title='bbox 1350 1973 1484 2044; x_wconf 81' lang='lat' dir='ltr'>qu’il</span> <span class='ocrx_word' id='word_1_168' title='bbox 1505 1971 1711 2029; x_wconf 79' lang='lat' dir='ltr'>n’avuit</span> <span class='ocrx_word' id='word_1_169' title='bbox 1734 1988 1835 2045; x_wconf 78' lang='lat' dir='ltr'>pes</span> <span class='ocrx_word' id='word_1_170' title='bbox 1856 1973 2007 2044; x_wconf 71' lang='lat' dir='ltr'>perle</span> <span class='ocrx_word' id='word_1_171' title='bbox 2042 1973 2120 2030; x_wconf 88' lang='lat' dir='ltr'>du</span> <span class='ocrx_word' id='word_1_172' title='bbox 2150 1973 2337 2044; x_wconf 76' lang='lat' dir='ltr'>sejour</span> <span class='ocrx_word' id='word_1_173' title='bbox 2358 1973 2429 2030; x_wconf 86' lang='lat' dir='ltr'>de</span> <span class='ocrx_word' id='word_1_174' title='bbox 2450 1975 2503 2029; x_wconf 84' lang='lat' dir='ltr'>S.</span> <span class='ocrx_word' id='word_1_175' title='bbox 2537 1973 2711 2030; x_wconf 79' lang='lat' dir='ltr'>Seens</span> 
     </span>
     <span class='ocr_line' id='line_1_16' title="bbox 233 2071 2084 2142; baseline 0 -14"><span class='ocrx_word' id='word_1_176' title='bbox 233 2077 270 2128; x_wconf 68' lang='lat' dir='ltr'>e</span> <span class='ocrx_word' id='word_1_177' title='bbox 295 2073 498 2138; x_wconf 75' lang='lat' dir='ltr'>Heri03</span> <span class='ocrx_word' id='word_1_178' title='bbox 520 2077 578 2129; x_wconf 83' lang='lat' dir='ltr'>et</span> <span class='ocrx_word' id='word_1_179' title='bbox 593 2073 652 2142; x_wconf 79' lang='lat' dir='ltr'>ie</span> <span class='ocrx_word' id='word_1_180' title='bbox 669 2072 816 2128; x_wconf 84' lang='lat' dir='ltr'>crois</span> <span class='ocrx_word' id='word_1_181' title='bbox 836 2072 994 2128; x_wconf 74' lang='lat' dir='ltr'>avoir</span> <span class='ocrx_word' id='word_1_182' title='bbox 1012 2071 1199 2128; x_wconf 74' lang='lat' dir='ltr'>donne</span> <span class='ocrx_word' id='word_1_183' title='bbox 1213 2072 1296 2128; x_wconf 82' lang='lat' dir='ltr'>les</span> <span class='ocrx_word' id='word_1_184' title='bbox 1317 2071 1512 2128; x_wconf 80' lang='lat' dir='ltr'>motil’s</span> <span class='ocrx_word' id='word_1_185' title='bbox 1535 2073 1605 2129; x_wconf 87' lang='lat' dir='ltr'>de</span> <span class='ocrx_word' id='word_1_186' title='bbox 1628 2077 1775 2128; x_wconf 83' lang='lat' dir='ltr'>cette</span> <span class='ocrx_word' id='word_1_187' title='bbox 1798 2071 2084 2128; x_wconf 72' lang='lat' dir='ltr'>omission.</span> 
     </span>
    </p>

    <p class='ocr_par' dir='ltr' id='par_1_5' title="bbox 233 2171 2710 2442">
     <span class='ocr_line' id='line_1_17' title="bbox 303 2171 2709 2244; baseline 0 -15"><span class='ocrx_word' id='word_1_188' title='bbox 303 2173 361 2242; x_wconf 92' lang='lat' dir='ltr'>o)</span> <span class='ocrx_word' id='word_1_189' title='bbox 381 2181 612 2244; x_wconf 63' lang='lat' dir='ltr'>rouen-s</span> <span class='ocrx_word' id='word_1_190' title='bbox 633 2191 671 2229; x_wconf 78' lang='lat' dir='ltr'><em>a</em></span> <span class='ocrx_word' id='word_1_191' title='bbox 698 2181 884 2229; x_wconf 71' lang='lat' dir='ltr'>mdc</span> <span class='ocrx_word' id='word_1_192' title='bbox 895 2175 1176 2243; x_wconf 70' lang='lat' dir='ltr'>mesula.</span> <span class='ocrx_word' id='word_1_193' title='bbox 1197 2173 1254 2228; x_wconf 88' lang='lat' dir='ltr'>S.</span> <span class='ocrx_word' id='word_1_194' title='bbox 1275 2171 1436 2229; x_wconf 85' lang='lat' dir='ltr'>Ouen</span> <span class='ocrx_word' id='word_1_195' title='bbox 1457 2173 1609 2228; x_wconf 75' lang='lat' dir='ltr'>avait</span> <span class='ocrx_word' id='word_1_196' title='bbox 1631 2188 1702 2229; x_wconf 91' lang='lat' dir='ltr'>eu</span> <span class='ocrx_word' id='word_1_197' title='bbox 1725 2172 2019 2228; x_wconf 81' lang='lat' dir='ltr'>l’ocoesion</span> <span class='ocrx_word' id='word_1_198' title='bbox 2041 2172 2112 2229; x_wconf 91' lang='lat' dir='ltr'>de</span> <span class='ocrx_word' id='word_1_199' title='bbox 2128 2177 2415 2229; x_wconf 80' lang='lat' dir='ltr'>eonnultre</span> <span class='ocrx_word' id='word_1_200' title='bbox 2436 2173 2561 2244; x_wconf 89' lang='lat' dir='ltr'>plus</span> <span class='ocrx_word' id='word_1_201' title='bbox 2582 2173 2709 2229; x_wconf 88' lang='lat' dir='ltr'>inti·</span> 
     </span>
     <span class='ocr_line' id='line_1_18' title="bbox 233 2269 2710 2342; baseline 0 -15"><span class='ocrx_word' id='word_1_202' title='bbox 233 2276 483 2328; x_wconf 77' lang='lat' dir='ltr'>moment</span> <span class='ocrx_word' id='word_1_203' title='bbox 505 2272 695 2339; x_wconf 75' lang='lat' dir='ltr'>Suens,</span> <span class='ocrx_word' id='word_1_204' title='bbox 709 2271 826 2327; x_wconf 80' lang='lat' dir='ltr'>lore</span> <span class='ocrx_word' id='word_1_205' title='bbox 841 2270 912 2327; x_wconf 89' lang='lat' dir='ltr'>de</span> <span class='ocrx_word' id='word_1_206' title='bbox 925 2271 1048 2327; x_wconf 88' lang='lat' dir='ltr'>leur</span> <span class='ocrx_word' id='word_1_207' title='bbox 1063 2287 1328 2327; x_wconf 90' lang='lat' dir='ltr'>commun</span> <span class='ocrx_word' id='word_1_208' title='bbox 1349 2269 1664 2342; x_wconf 68' lang='lat' dir='ltr'>pelerinnge</span> <span class='ocrx_word' id='word_1_209' title='bbox 1688 2273 1724 2327; x_wconf 72' lang='grc' dir='ltr'>δ,</span> <span class='ocrx_word' id='word_1_210' title='bbox 1746 2271 1955 2337; x_wconf 76' lang='lat' dir='ltr'>Rome3</span> <span class='ocrx_word' id='word_1_211' title='bbox 1978 2276 2036 2328; x_wconf 87' lang='lat' dir='ltr'>et</span> <span class='ocrx_word' id='word_1_212' title='bbox 2058 2276 2217 2328; x_wconf 87' lang='lat' dir='ltr'>notre</span> <span class='ocrx_word' id='word_1_213' title='bbox 2241 2275 2439 2328; x_wconf 78' lang='lat' dir='ltr'>auteur</span> <span class='ocrx_word' id='word_1_214' title='bbox 2462 2289 2605 2329; x_wconf 88' lang='lat' dir='ltr'>nous</span> <span class='ocrx_word' id='word_1_215' title='bbox 2629 2273 2710 2328; x_wconf 87' lang='lat' dir='ltr'>dit</span> 
     </span>
     <span class='ocr_line' id='line_1_19' title="bbox 236 2368 2567 2442; baseline 0 -16"><span class='ocrx_word' id='word_1_216' title='bbox 236 2387 312 2426; x_wconf 90' lang='lat' dir='ltr'>un</span> <span class='ocrx_word' id='word_1_217' title='bbox 335 2386 443 2442; x_wconf 91' lang='lat' dir='ltr'>peu</span> <span class='ocrx_word' id='word_1_218' title='bbox 466 2371 591 2441; x_wconf 83' lang='lat' dir='ltr'>plus</span> <span class='ocrx_word' id='word_1_219' title='bbox 612 2369 729 2426; x_wconf 92' lang='lat' dir='ltr'>loin</span> <span class='ocrx_word' id='word_1_220' title='bbox 747 2385 860 2440; x_wconf 89' lang='lat' dir='ltr'>que</span> <span class='ocrx_word' id='word_1_221' title='bbox 874 2385 979 2426; x_wconf 89' lang='lat' dir='ltr'>son</span> <span class='ocrx_word' id='word_1_222' title='bbox 994 2370 1193 2426; x_wconf 83' lang='lat' dir='ltr'>estime</span> <span class='ocrx_word' id='word_1_223' title='bbox 1213 2374 1270 2426; x_wconf 87' lang='lat' dir='ltr'>et</span> <span class='ocrx_word' id='word_1_224' title='bbox 1290 2385 1396 2426; x_wconf 89' lang='lat' dir='ltr'>son</span> <span class='ocrx_word' id='word_1_225' title='bbox 1417 2371 1676 2427; x_wconf 73' lang='lat' dir='ltr'>affection</span> <span class='ocrx_word' id='word_1_226' title='bbox 1699 2386 1843 2441; x_wconf 90' lang='lat' dir='ltr'>pour</span> <span class='ocrx_word' id='word_1_227' title='bbox 1861 2368 1941 2426; x_wconf 89' lang='lat' dir='ltr'>lui</span> <span class='ocrx_word' id='word_1_228' title='bbox 1963 2371 2081 2426; x_wconf 86' lang='lat' dir='ltr'>s’en</span> <span class='ocrx_word' id='word_1_229' title='bbox 2096 2371 2304 2428; x_wconf 75' lang='lat' dir='ltr'>etaient</span> <span class='ocrx_word' id='word_1_230' title='bbox 2326 2387 2567 2428; x_wconf 78' lang='lat' dir='ltr'>aceruos.</span> 
     </span>
    </p>

    <p class='ocr_par' dir='ltr' id='par_1_6' title="bbox 231 2467 2705 2640">
     <span class='ocr_line' id='line_1_20' title="bbox 301 2467 2705 2540; baseline 0 -14"><span class='ocrx_word' id='word_1_231' title='bbox 301 2474 360 2540; x_wconf 89' lang='lat' dir='ltr'>p)</span> <span class='ocrx_word' id='word_1_232' title='bbox 400 2471 779 2526; x_wconf 59' lang='lat' dir='ltr'>sumendum.</span> <span class='ocrx_word' id='word_1_233' title='bbox 819 2470 966 2526; x_wconf 88' lang='lat' dir='ltr'>Ponr</span> <span class='ocrx_word' id='word_1_234' title='bbox 1002 2470 1060 2525; x_wconf 72' lang='lat' dir='ltr'>ln</span> <span class='ocrx_word' id='word_1_235' title='bbox 1097 2469 1225 2525; x_wconf 73' lang='lat' dir='ltr'>date</span> <span class='ocrx_word' id='word_1_236' title='bbox 1270 2470 1342 2525; x_wconf 89' lang='lat' dir='ltr'>de</span> <span class='ocrx_word' id='word_1_237' title='bbox 1385 2474 1530 2525; x_wconf 87' lang='lat' dir='ltr'>cette</span> <span class='ocrx_word' id='word_1_238' title='bbox 1573 2467 1868 2527; x_wconf 71' lang='lat' dir='ltr'>fondation</span> <span class='ocrx_word' id='word_1_239' title='bbox 1910 2470 2191 2538; x_wconf 64' lang='lat' dir='ltr'>(ost-686),</span> <span class='ocrx_word' id='word_1_240' title='bbox 2229 2487 2282 2526; x_wconf 81' lang='lat' dir='ltr'>v.</span> <span class='ocrx_word' id='word_1_241' title='bbox 2329 2471 2705 2539; x_wconf 80' lang='lat' dir='ltr'>Dissertation,</span> 
     </span>
     <span class='ocr_line' id='line_1_21' title="bbox 231 2569 916 2640; baseline -0.001 -15"><span class='ocrx_word' id='word_1_242' title='bbox 231 2570 326 2625; x_wconf 85' lang='lat' dir='ltr'>ch.</span> <span class='ocrx_word' id='word_1_243' title='bbox 357 2587 414 2636; x_wconf 83' lang='lat' dir='ltr'>n,</span> <span class='ocrx_word' id='word_1_244' title='bbox 446 2569 484 2640; x_wconf 66' lang='grc'>5</span> <span class='ocrx_word' id='word_1_245' title='bbox 509 2570 588 2625; x_wconf 73' lang='lat'>14.</span> <span class='ocrx_word' id='word_1_246' title='bbox 907 2586 916 2595; x_wconf 89' lang='lat'><strong>·</strong></span> 
     </span>
    </p>

    <p class='ocr_par' dir='ltr' id='par_1_7' title="bbox 230 2668 2711 2838">
     <span class='ocr_line' id='line_1_22' title="bbox 299 2668 2711 2744; baseline 0 -19"><span class='ocrx_word' id='word_1_247' title='bbox 299 2672 360 2738; x_wconf 84' lang='lat' dir='ltr'>q)</span> <span class='ocrx_word' id='word_1_248' title='bbox 381 2671 490 2726; x_wconf 77' lang='lat' dir='ltr'>late</span> <span class='ocrx_word' id='word_1_249' title='bbox 501 2671 825 2744; x_wconf 72' lang='lat' dir='ltr'>per-volaret.</span> <span class='ocrx_word' id='word_1_250' title='bbox 844 2669 949 2724; x_wconf 77' lang='lat' dir='ltr'>J’ni</span> <span class='ocrx_word' id='word_1_251' title='bbox 964 2671 1184 2724; x_wconf 75' lang='lat' dir='ltr'>mentre</span> <span class='ocrx_word' id='word_1_252' title='bbox 1205 2673 1490 2725; x_wconf 78' lang='lat' dir='ltr'>comment</span> <span class='ocrx_word' id='word_1_253' title='bbox 1511 2684 1574 2724; x_wconf 89' lang='lat' dir='ltr'>ce</span> <span class='ocrx_word' id='word_1_254' title='bbox 1593 2684 1823 2740; x_wconf 69' lang='lat' dir='ltr'>passage</span> <span class='ocrx_word' id='word_1_255' title='bbox 1840 2672 1925 2724; x_wconf 83' lang='lat' dir='ltr'>est</span> <span class='ocrx_word' id='word_1_256' title='bbox 1939 2668 2310 2740; x_wconf 77' lang='lat' dir='ltr'>l’npplicetion</span> <span class='ocrx_word' id='word_1_257' title='bbox 2332 2671 2366 2723; x_wconf 70' lang='grc' dir='ltr'>δ</span> <span class='ocrx_word' id='word_1_258' title='bbox 2388 2673 2547 2725; x_wconf 85' lang='lat' dir='ltr'>notre</span> <span class='ocrx_word' id='word_1_259' title='bbox 2566 2669 2711 2725; x_wconf 72' lang='lat' dir='ltr'>saint</span> 
     </span>
     <span class='ocr_line' id='line_1_23' title="bbox 230 2767 1962 2838; baseline 0.001 -14"><span class='ocrx_word' id='word_1_260' title='bbox 230 2769 367 2824; x_wconf 87' lang='lat' dir='ltr'>d’un</span> <span class='ocrx_word' id='word_1_261' title='bbox 387 2773 538 2824; x_wconf 83' lang='lat' dir='ltr'>texte</span> <span class='ocrx_word' id='word_1_262' title='bbox 559 2769 630 2826; x_wconf 87' lang='lat' dir='ltr'>de</span> <span class='ocrx_word' id='word_1_263' title='bbox 645 2769 704 2825; x_wconf 71' lang='lat' dir='ltr'>le</span> <span class='ocrx_word' id='word_1_264' title='bbox 727 2767 825 2824; x_wconf 83' lang='lat' dir='ltr'>Vie</span> <span class='ocrx_word' id='word_1_265' title='bbox 847 2769 918 2824; x_wconf 91' lang='lat' dir='ltr'>de</span> <span class='ocrx_word' id='word_1_266' title='bbox 932 2768 989 2824; x_wconf 87' lang='lat' dir='ltr'>S.</span> <span class='ocrx_word' id='word_1_267' title='bbox 1006 2769 1180 2825; x_wconf 85' lang='lat' dir='ltr'>Ouen.</span> <span class='ocrx_word' id='word_1_268' title='bbox 1198 2768 1264 2824; x_wconf 86' lang='lat' dir='ltr'>V.</span> <span class='ocrx_word' id='word_1_269' title='bbox 1278 2768 1657 2834; x_wconf 71' lang='lat' dir='ltr'>Dissertation,</span> <span class='ocrx_word' id='word_1_270' title='bbox 1680 2768 1771 2824; x_wconf 88' lang='lat' dir='ltr'>ch.</span> <span class='ocrx_word' id='word_1_271' title='bbox 1794 2785 1830 2838; x_wconf 86' lang='lat'>1,</span> <span class='ocrx_word' id='word_1_272' title='bbox 1856 2767 1891 2838; x_wconf 68' lang='lat'>5</span> <span class='ocrx_word' id='word_1_273' title='bbox 1912 2770 1962 2825; x_wconf 74' lang='lat'>2.</span> 
     </span>
    </p>

    <p class='ocr_par' dir='ltr' id='par_1_8' title="bbox 229 2867 2709 3138">
     <span class='ocr_line' id='line_1_24' title="bbox 296 2867 2709 2939; baseline 0 -16"><span class='ocrx_word' id='word_1_274' title='bbox 296 2869 347 2935; x_wconf 88' lang='lat' dir='ltr'>r)</span> <span class='ocrx_word' id='word_1_275' title='bbox 371 2869 587 2924; x_wconf 78' lang='lat' dir='ltr'>Interea</span> <span class='ocrx_word' id='word_1_276' title='bbox 605 2870 836 2924; x_wconf 69' lang='grc' dir='ltr'><strong><em>ἄεωωο.</em></strong></span> <span class='ocrx_word' id='word_1_277' title='bbox 858 2868 1008 2924; x_wconf 87' lang='lat' dir='ltr'>Tout</span> <span class='ocrx_word' id='word_1_278' title='bbox 1027 2873 1116 2924; x_wconf 84' lang='lat' dir='ltr'>cet</span> <span class='ocrx_word' id='word_1_279' title='bbox 1137 2868 1322 2924; x_wconf 65' lang='lat' dir='ltr'>alinea</span> <span class='ocrx_word' id='word_1_280' title='bbox 1336 2872 1422 2924; x_wconf 82' lang='lat' dir='ltr'>est</span> <span class='ocrx_word' id='word_1_281' title='bbox 1444 2868 1728 2939; x_wconf 86' lang='lat' dir='ltr'>reproduit</span> <span class='ocrx_word' id='word_1_282' title='bbox 1743 2883 1979 2939; x_wconf 85' lang='lat' dir='ltr'>presque</span> <span class='ocrx_word' id='word_1_283' title='bbox 1999 2868 2416 2924; x_wconf 83' lang='lat' dir='ltr'>textuellement</span> <span class='ocrx_word' id='word_1_284' title='bbox 2437 2869 2509 2924; x_wconf 87' lang='lat' dir='ltr'>de</span> <span class='ocrx_word' id='word_1_285' title='bbox 2529 2868 2585 2924; x_wconf 80' lang='lat' dir='ltr'>la</span> <span class='ocrx_word' id='word_1_286' title='bbox 2608 2867 2709 2924; x_wconf 84' lang='lat' dir='ltr'>Vie</span> 
     </span>
     <span class='ocr_line' id='line_1_25' title="bbox 231 2967 2705 3039; baseline 0.001 -17"><span class='ocrx_word' id='word_1_287' title='bbox 231 2967 302 3022; x_wconf 93' lang='lat' dir='ltr'>de</span> <span class='ocrx_word' id='word_1_288' title='bbox 324 2967 380 3022; x_wconf 92' lang='lat' dir='ltr'>S.</span> <span class='ocrx_word' id='word_1_289' title='bbox 413 2967 671 3038; x_wconf 73' lang='lat' dir='ltr'>Iaeufroy.</span> <span class='ocrx_word' id='word_1_290' title='bbox 689 2967 858 3023; x_wconf 78' lang='lat' dir='ltr'>Notre</span> <span class='ocrx_word' id='word_1_291' title='bbox 879 2973 1076 3022; x_wconf 78' lang='lat' dir='ltr'>auteur</span> <span class='ocrx_word' id='word_1_292' title='bbox 1097 2984 1132 3038; x_wconf 71' lang='lat' dir='ltr'>y</span> <span class='ocrx_word' id='word_1_293' title='bbox 1152 2985 1191 3023; x_wconf 78' lang='lat' dir='ltr'>n</span> <span class='ocrx_word' id='word_1_294' title='bbox 1221 2967 1485 3024; x_wconf 71' lang='lat' dir='ltr'>intel-cale</span> <span class='ocrx_word' id='word_1_295' title='bbox 1507 2967 1777 3039; x_wconf 83' lang='lat' dir='ltr'>quelques</span> <span class='ocrx_word' id='word_1_296' title='bbox 1799 2971 1961 3035; x_wconf 85' lang='lat' dir='ltr'>mots,</span> <span class='ocrx_word' id='word_1_297' title='bbox 1983 2983 2125 3038; x_wconf 91' lang='lat' dir='ltr'>pour</span> <span class='ocrx_word' id='word_1_298' title='bbox 2146 2967 2281 3022; x_wconf 76' lang='lat' dir='ltr'>faire</span> <span class='ocrx_word' id='word_1_299' title='bbox 2306 2967 2606 3024; x_wconf 79' lang='lat' dir='ltr'>intervenit</span> <span class='ocrx_word' id='word_1_300' title='bbox 2626 2983 2705 3024; x_wconf 91' lang='lat' dir='ltr'>un</span> 
     </span>
     <span class='ocr_line' id='line_1_26' title="bbox 229 3065 2113 3138; baseline -0.001 -15"><span class='ocrx_word' id='word_1_301' title='bbox 229 3083 387 3138; x_wconf 67' lang='lat' dir='ltr'>ange,</span> <span class='ocrx_word' id='word_1_302' title='bbox 409 3083 506 3122; x_wconf 88' lang='lat' dir='ltr'>sur</span> <span class='ocrx_word' id='word_1_303' title='bbox 526 3067 724 3122; x_wconf 84' lang='lat' dir='ltr'>l’ordre</span> <span class='ocrx_word' id='word_1_304' title='bbox 745 3067 952 3138; x_wconf 84' lang='lat' dir='ltr'>duquel</span> <span class='ocrx_word' id='word_1_305' title='bbox 967 3067 1206 3136; x_wconf 58' lang='lat' dir='ltr'>lauru-oy</span> <span class='ocrx_word' id='word_1_306' title='bbox 1229 3067 1313 3123; x_wconf 80' lang='lat' dir='ltr'>irs.</span> <span class='ocrx_word' id='word_1_307' title='bbox 1331 3069 1362 3122; x_wconf 65' lang='lat' dir='ltr'>e</span> <span class='ocrx_word' id='word_1_308' title='bbox 1381 3065 1580 3122; x_wconf 84' lang='lat' dir='ltr'>Rouen</span> <span class='ocrx_word' id='word_1_309' title='bbox 1601 3071 1828 3136; x_wconf 81' lang='lat' dir='ltr'>trouver</span> <span class='ocrx_word' id='word_1_310' title='bbox 1845 3066 1899 3121; x_wconf 88' lang='lat' dir='ltr'>S.</span> <span class='ocrx_word' id='word_1_311' title='bbox 1922 3067 2113 3122; x_wconf 80' lang='lat' dir='ltr'>Snens.</span> 
     </span>
    </p>
   </div>
   <div class='ocr_carea' id='block_1_3' title="bbox 352 3265 2463 3333">
    <p class='ocr_par' dir='ltr' id='par_1_9' title="bbox 352 3265 2463 3333">
     <span class='ocr_line' id='line_1_27' title="bbox 352 3265 2463 3333; baseline -0.001 -11"><span class='ocrx_word' id='word_1_312' title='bbox 352 3267 518 3322; x_wconf 71' lang='lat' dir='ltr'>&#39;texte</span> <span class='ocrx_word' id='word_1_313' title='bbox 553 3268 622 3321; x_wconf 76' lang='lat' dir='ltr'>de</span> <span class='ocrx_word' id='word_1_314' title='bbox 661 3267 715 3320; x_wconf 78' lang='grc' dir='ltr'>Ιι</span> <span class='ocrx_word' id='word_1_315' title='bbox 750 3265 845 3321; x_wconf 75' lang='lat' dir='ltr'>vie</span> <span class='ocrx_word' id='word_1_316' title='bbox 880 3267 949 3321; x_wconf 76' lang='lat' dir='ltr'>de</span> <span class='ocrx_word' id='word_1_317' title='bbox 983 3266 1039 3321; x_wconf 78' lang='lat'>8.</span> <span class='ocrx_word' id='word_1_318' title='bbox 1077 3267 1320 3333; x_wconf 62' lang='lat' dir='ltr'>Leniter.</span> <span class='ocrx_word' id='word_1_319' title='bbox 1753 3266 1917 3321; x_wconf 71' lang='lat' dir='ltr'>&#39;texte</span> <span class='ocrx_word' id='word_1_320' title='bbox 1954 3267 2022 3321; x_wconf 78' lang='lat' dir='ltr'>de</span> <span class='ocrx_word' id='word_1_321' title='bbox 2059 3267 2214 3321; x_wconf 76' lang='lat' dir='ltr'>notre</span> <span class='ocrx_word' id='word_1_322' title='bbox 2253 3267 2463 3320; x_wconf 73' lang='lat' dir='ltr'>auteur.</span> 
     </span>
    </p>
   </div>
   <div class='ocr_carea' id='block_1_4' title="bbox 229 3396 2708 3954">
    <p class='ocr_par' dir='ltr' id='par_1_10' title="bbox 230 3396 2708 3664">
     <span class='ocr_line' id='line_1_28' title="bbox 297 3396 2705 3468; baseline -0.001 -14"><span class='ocrx_word' id='word_1_323' title='bbox 297 3399 534 3455; x_wconf 74' lang='lat' dir='ltr'>Evoluto</span> <span class='ocrx_word' id='word_1_324' title='bbox 549 3404 738 3455; x_wconf 81' lang='lat' dir='ltr'>autem</span> <span class='ocrx_word' id='word_1_325' title='bbox 759 3403 1026 3468; x_wconf 88' lang='lat' dir='ltr'>tempore,</span> <span class='ocrx_word' id='word_1_326' title='bbox 1041 3414 1169 3454; x_wconf 89' lang='lat' dir='ltr'>cum</span> <span class='ocrx_word' id='word_1_327' title='bbox 1185 3397 1302 3467; x_wconf 79' lang='lat' dir='ltr'>inm</span> <span class='ocrx_word' id='word_1_328' title='bbox 1315 3397 1420 3453; x_wconf 88' lang='lat' dir='ltr'>dis·</span> <span class='ocrx_word' id='word_1_329' title='bbox 1583 3399 1821 3455; x_wconf 79' lang='lat' dir='ltr'>Evoluto</span> <span class='ocrx_word' id='word_1_330' title='bbox 1844 3403 2032 3455; x_wconf 75' lang='lat' dir='ltr'>nutem</span> <span class='ocrx_word' id='word_1_331' title='bbox 2064 3402 2331 3468; x_wconf 82' lang='lat' dir='ltr'>tempore,</span> <span class='ocrx_word' id='word_1_332' title='bbox 2353 3396 2597 3468; x_wconf 73' lang='lat' dir='ltr'>angelica</span> <span class='ocrx_word' id='word_1_333' title='bbox 2620 3413 2705 3452; x_wconf 92' lang='lat' dir='ltr'>re·</span> 
     </span>
     <span class='ocr_line' id='line_1_29' title="bbox 230 3496 2703 3568; baseline -0.001 -16"><span class='ocrx_word' id='word_1_334' title='bbox 230 3499 488 3568; x_wconf 74' lang='lat' dir='ltr'>pensatio</span> <span class='ocrx_word' id='word_1_335' title='bbox 506 3498 696 3554; x_wconf 72' lang='lat' dir='ltr'>divine</span> <span class='ocrx_word' id='word_1_336' title='bbox 719 3514 817 3568; x_wconf 93' lang='lat' dir='ltr'>per</span> <span class='ocrx_word' id='word_1_337' title='bbox 838 3513 966 3554; x_wconf 92' lang='lat' dir='ltr'>eum</span> <span class='ocrx_word' id='word_1_338' title='bbox 997 3497 1182 3567; x_wconf 83' lang='lat' dir='ltr'>plures</span> <span class='ocrx_word' id='word_1_339' title='bbox 1201 3497 1418 3553; x_wconf 76' lang='lat' dir='ltr'>lucran-</span> <span class='ocrx_word' id='word_1_340' title='bbox 1519 3498 1721 3554; x_wconf 78' lang='lat' dir='ltr'>velatio</span> <span class='ocrx_word' id='word_1_341' title='bbox 1766 3514 1895 3554; x_wconf 88' lang='lat' dir='ltr'>eum</span> <span class='ocrx_word' id='word_1_342' title='bbox 1941 3498 2291 3568; x_wconf 74' lang='lat' dir='ltr'>praemonuit</span> <span class='ocrx_word' id='word_1_343' title='bbox 2326 3499 2388 3553; x_wconf 91' lang='lat' dir='ltr'>ut</span> <span class='ocrx_word' id='word_1_344' title='bbox 2434 3496 2703 3552; x_wconf 73' lang='lat' dir='ltr'>famulum</span> 
     </span>
     <span class='ocr_line' id='line_1_30' title="bbox 231 3589 2708 3664; baseline -0.003 -11"><span class='ocrx_word' id='word_1_345' title='bbox 231 3597 338 3652; x_wconf 82' lang='lat' dir='ltr'>dos</span> <span class='ocrx_word' id='word_1_346' title='bbox 360 3597 695 3663; x_wconf 83' lang='lat' dir='ltr'>decerneret,</span> <span class='ocrx_word' id='word_1_347' title='bbox 1521 3593 1726 3651; x_wconf 84' lang='lat' dir='ltr'>Christi</span> <span class='ocrx_word' id='word_1_348' title='bbox 1745 3594 2033 3651; x_wconf 86' lang='lat' dir='ltr'>Sidonium</span> <span class='ocrx_word' id='word_1_349' title='bbox 2058 3589 2332 3664; x_wconf 84' lang='lat' dir='ltr'>inquirere</span> <span class='ocrx_word' id='word_1_350' title='bbox 2352 3592 2621 3656; x_wconf 85' lang='lat' dir='ltr'>studeret;</span> <span class='ocrx_word' id='word_1_351' title='bbox 2647 3594 2708 3645; x_wconf 89' lang='lat' dir='ltr'>ut</span> 
     </span>
    </p>

    <p class='ocr_par' dir='ltr' id='par_1_11' title="bbox 229 3690 2708 3954">
     <span class='ocr_line' id='line_1_31' title="bbox 1521 3690 2708 3766; baseline -0.004 -16"><span class='ocrx_word' id='word_1_352' title='bbox 1521 3711 1590 3750; x_wconf 80' lang='lat' dir='ltr'>ea</span> <span class='ocrx_word' id='word_1_353' title='bbox 1623 3710 1769 3766; x_wconf 73' lang='lat' dir='ltr'>quse</span> <span class='ocrx_word' id='word_1_354' title='bbox 1800 3693 1909 3749; x_wconf 87' lang='lat' dir='ltr'>sibi</span> <span class='ocrx_word' id='word_1_355' title='bbox 1941 3692 2014 3747; x_wconf 75' lang='lat' dir='ltr'>ab</span> <span class='ocrx_word' id='word_1_356' title='bbox 2054 3708 2123 3748; x_wconf 87' lang='lat' dir='ltr'>eo</span> <span class='ocrx_word' id='word_1_357' title='bbox 2167 3693 2437 3764; x_wconf 74' lang='lat' dir='ltr'>imperate.</span> <span class='ocrx_word' id='word_1_358' title='bbox 2476 3690 2708 3746; x_wconf 77' lang='lat' dir='ltr'>fuissent</span> 
     </span>
     <span class='ocr_line' id='line_1_32' title="bbox 1521 3790 2708 3864; baseline -0.006 -14"><span class='ocrx_word' id='word_1_359' title='bbox 1521 3794 1723 3850; x_wconf 80' lang='lat' dir='ltr'>devote</span> <span class='ocrx_word' id='word_1_360' title='bbox 1768 3791 2035 3864; x_wconf 84' lang='lat' dir='ltr'>impleret.</span> <span class='ocrx_word' id='word_1_361' title='bbox 2076 3791 2283 3848; x_wconf 79' lang='lat' dir='ltr'>Audite.</span> <span class='ocrx_word' id='word_1_362' title='bbox 2323 3791 2513 3860; x_wconf 73' lang='lat' dir='ltr'>itaque</span> <span class='ocrx_word' id='word_1_363' title='bbox 2557 3790 2708 3844; x_wconf 78' lang='lat' dir='ltr'>fama</span> 
     </span>
     <span class='ocr_line' id='line_1_33' title="bbox 229 3893 1783 3954; baseline -0.005 0"><span class='ocrx_word' id='word_1_364' title='bbox 229 3897 422 3954; x_wconf 72' lang='lat' dir='ltr'>audite</span> <span class='ocrx_word' id='word_1_365' title='bbox 445 3897 599 3952; x_wconf 75' lang='lat' dir='ltr'>famu</span> <span class='ocrx_word' id='word_1_366' title='bbox 621 3895 768 3952; x_wconf 71' lang='lat' dir='ltr'>beuti</span> <span class='ocrx_word' id='word_1_367' title='bbox 790 3895 1056 3953; x_wconf 86' lang='lat' dir='ltr'>Sidonii...</span> <span class='ocrx_word' id='word_1_368' title='bbox 1521 3893 1783 3949; x_wconf 83' lang='lat' dir='ltr'>Sidonii...</span> 
     </span>
    </p>
   </div>
   <div class='ocr_carea' id='block_1_5' title="bbox 227 4070 2706 4349">
    <p class='ocr_par' dir='ltr' id='par_1_12' title="bbox 227 4070 2706 4349">
     <span class='ocr_line' id='line_1_34' title="bbox 297 4070 2705 4150; baseline -0.004 -16"><span class='ocrx_word' id='word_1_369' title='bbox 297 4078 470 4145; x_wconf 84' lang='lat' dir='ltr'>A-t-il,</span> <span class='ocrx_word' id='word_1_370' title='bbox 493 4095 594 4150; x_wconf 75' lang='lat' dir='ltr'>par</span> <span class='ocrx_word' id='word_1_371' title='bbox 625 4094 824 4134; x_wconf 81' lang='lat' dir='ltr'>amour</span> <span class='ocrx_word' id='word_1_372' title='bbox 845 4077 921 4133; x_wconf 88' lang='lat' dir='ltr'>dn</span> <span class='ocrx_word' id='word_1_373' title='bbox 945 4077 1322 4143; x_wconf 82' lang='lat' dir='ltr'>merveilleux,</span> <span class='ocrx_word' id='word_1_374' title='bbox 1355 4077 1544 4146; x_wconf 76' lang='lat' dir='ltr'>niente</span> <span class='ocrx_word' id='word_1_375' title='bbox 1577 4075 1647 4131; x_wconf 86' lang='lat' dir='ltr'>de</span> <span class='ocrx_word' id='word_1_376' title='bbox 1668 4076 1954 4132; x_wconf 82' lang='lat' dir='ltr'>lui-meme</span> <span class='ocrx_word' id='word_1_377' title='bbox 1976 4090 2040 4131; x_wconf 83' lang='lat' dir='ltr'>ce</span> <span class='ocrx_word' id='word_1_378' title='bbox 2074 4071 2257 4141; x_wconf 74' lang='lat' dir='ltr'>detail,</span> <span class='ocrx_word' id='word_1_379' title='bbox 2282 4088 2355 4128; x_wconf 91' lang='lat' dir='ltr'>ou</span> <span class='ocrx_word' id='word_1_380' title='bbox 2379 4070 2559 4127; x_wconf 79' lang='lat' dir='ltr'>1’a-t-i1</span> <span class='ocrx_word' id='word_1_381' title='bbox 2581 4075 2705 4127; x_wconf 74' lang='lat' dir='ltr'>ren·-</span> 
     </span>
     <span class='ocr_line' id='line_1_35' title="bbox 229 4171 2706 4248; baseline -0.003 -15"><span class='ocrx_word' id='word_1_382' title='bbox 229 4183 424 4234; x_wconf 77' lang='lat' dir='ltr'>contre</span> <span class='ocrx_word' id='word_1_383' title='bbox 445 4178 684 4248; x_wconf 86' lang='lat' dir='ltr'>quelque</span> <span class='ocrx_word' id='word_1_384' title='bbox 707 4177 1082 4248; x_wconf 61' lang='lat' dir='ltr'>parm-Une</span> <span class='ocrx_word' id='word_1_385' title='bbox 1095 4177 1316 4233; x_wconf 68' lang='lat' dir='ltr'>oraison</span> <span class='ocrx_word' id='word_1_386' title='bbox 1337 4177 1407 4232; x_wconf 87' lang='lat' dir='ltr'>de</span> <span class='ocrx_word' id='word_1_387' title='bbox 1424 4177 1480 4231; x_wconf 90' lang='lat' dir='ltr'>S.</span> <span class='ocrx_word' id='word_1_388' title='bbox 1495 4175 1752 4244; x_wconf 74' lang='lat' dir='ltr'>Leufroy,</span> <span class='ocrx_word' id='word_1_389' title='bbox 1772 4175 1989 4230; x_wconf 77' lang='lat' dir='ltr'>donnee</span> <span class='ocrx_word' id='word_1_390' title='bbox 2010 4189 2113 4244; x_wconf 79' lang='lat' dir='ltr'>par</span> <span class='ocrx_word' id='word_1_391' title='bbox 2134 4173 2215 4228; x_wconf 84' lang='lat' dir='ltr'>les</span> <span class='ocrx_word' id='word_1_392' title='bbox 2238 4171 2605 4228; x_wconf 82' lang='lat' dir='ltr'>Bollendistes</span> <span class='ocrx_word' id='word_1_393' title='bbox 2617 4171 2706 4236; x_wconf 87' lang='lat'><strong>(3),</strong></span> 
     </span>
     <span class='ocr_line' id='line_1_36' title="bbox 227 4271 2706 4349; baseline -0.003 -16"><span class='ocrx_word' id='word_1_394' title='bbox 227 4278 508 4333; x_wconf 75' lang='lat' dir='ltr'>renferme</span> <span class='ocrx_word' id='word_1_395' title='bbox 530 4293 640 4334; x_wconf 91' lang='lat' dir='ltr'>une</span> <span class='ocrx_word' id='word_1_396' title='bbox 663 4278 900 4334; x_wconf 77' lang='lat' dir='ltr'>allusion</span> <span class='ocrx_word' id='word_1_397' title='bbox 921 4281 958 4332; x_wconf 67' lang='lat' dir='ltr'>n</span> <span class='ocrx_word' id='word_1_398' title='bbox 980 4293 1089 4332; x_wconf 90' lang='lat' dir='ltr'>une</span> <span class='ocrx_word' id='word_1_399' title='bbox 1107 4275 1424 4349; x_wconf 72' lang='lat' dir='ltr'>apperition</span> <span class='ocrx_word' id='word_1_400' title='bbox 1447 4275 1516 4330; x_wconf 88' lang='lat' dir='ltr'>de</span> <span class='ocrx_word' id='word_1_401' title='bbox 1539 4291 1602 4331; x_wconf 87' lang='lat' dir='ltr'>ce</span> <span class='ocrx_word' id='word_1_402' title='bbox 1621 4290 1787 4346; x_wconf 70' lang='lat' dir='ltr'>genre</span> <span class='ocrx_word' id='word_1_403' title='bbox 1806 4293 1819 4329; x_wconf 73' lang='grc' dir='ltr'><strong><em>ε</em></strong></span> <span class='ocrx_word' id='word_1_404' title='bbox 1841 4273 1863 4300; x_wconf 85' lang='grc'><strong>“</strong></span> <span class='ocrx_word' id='word_1_405' title='bbox 1892 4273 2056 4340; x_wconf 87' lang='lat' dir='ltr'>Deus,</span> <span class='ocrx_word' id='word_1_406' title='bbox 2078 4273 2173 4342; x_wconf 88' lang='lat' dir='ltr'>qui</span> <span class='ocrx_word' id='word_1_407' title='bbox 2198 4271 2259 4327; x_wconf 91' lang='lat' dir='ltr'>B.</span> <span class='ocrx_word' id='word_1_408' title='bbox 2282 4271 2706 4336; x_wconf 57' lang='lat' dir='ltr'>Lentu-edum...</span> 
     </span>
    </p>
   </div>
   <div class='ocr_carea' id='block_1_6' title="bbox 227 4453 2712 4940">
    <p class='ocr_par' dir='ltr' id='par_1_13' title="bbox 227 4453 2712 4940">
     <span class='ocr_line' id='line_1_37' title="bbox 296 4453 2708 4528; baseline -0.004 -10"><span class='ocrx_word' id='word_1_409' title='bbox 296 4459 316 4518; x_wconf 85' lang='grc'><strong>(</strong></span> <span class='ocrx_word' id='word_1_410' title='bbox 325 4459 374 4526; x_wconf 86' lang='lat'>1)</span> <span class='ocrx_word' id='word_1_411' title='bbox 399 4461 538 4516; x_wconf 71' lang='lat' dir='ltr'>Acta</span> <span class='ocrx_word' id='word_1_412' title='bbox 569 4459 915 4524; x_wconf 73' lang='lat' dir='ltr'>Sanctorum,</span> <span class='ocrx_word' id='word_1_413' title='bbox 955 4457 1186 4526; x_wconf 68' lang='lat' dir='ltr'>Augusti</span> <span class='ocrx_word' id='word_1_414' title='bbox 1223 4461 1360 4511; x_wconf 84' lang='lat' dir='ltr'>tom.</span> <span class='ocrx_word' id='word_1_415' title='bbox 1393 4457 1482 4522; x_wconf 87' lang='lat' dir='ltr'>lv,</span> <span class='ocrx_word' id='word_1_416' title='bbox 1507 4473 1558 4528; x_wconf 93' lang='lat' dir='ltr'>p.</span> <span class='ocrx_word' id='word_1_417' title='bbox 1581 4457 1662 4522; x_wconf 74' lang='lat'>79,</span> <span class='ocrx_word' id='word_1_418' title='bbox 1699 4463 1761 4510; x_wconf 72' lang='grc' dir='ltr'>η’</span> <span class='ocrx_word' id='word_1_419' title='bbox 1784 4456 1865 4510; x_wconf 73' lang='lat'>24.</span> <span class='ocrx_word' id='word_1_420' title='bbox 1892 4455 1917 4483; x_wconf 82' lang='lat'>⁸</span> <span class='ocrx_word' id='word_1_421' title='bbox 1945 4455 2216 4511; x_wconf 81' lang='lat' dir='ltr'>Convenit</span> <span class='ocrx_word' id='word_1_422' title='bbox 2238 4459 2300 4509; x_wconf 87' lang='lat' dir='ltr'>ut</span> <span class='ocrx_word' id='word_1_423' title='bbox 2320 4454 2418 4509; x_wconf 90' lang='lat' dir='ltr'>ubi</span> <span class='ocrx_word' id='word_1_424' title='bbox 2450 4453 2708 4509; x_wconf 85' lang='lat' dir='ltr'>dominns</span> 
     </span>
     <span class='ocr_line' id='line_1_38' title="bbox 229 4536 2709 4612; baseline -0.002 -16"><span class='ocrx_word' id='word_1_425' title='bbox 229 4541 524 4596; x_wconf 84' lang='lat' dir='ltr'>Filibertus</span> <span class='ocrx_word' id='word_1_426' title='bbox 548 4541 786 4607; x_wconf 79' lang='lat' dir='ltr'>volebat,</span> <span class='ocrx_word' id='word_1_427' title='bbox 808 4557 1160 4612; x_wconf 77' lang='lat' dir='ltr'>perseverare</span> <span class='ocrx_word' id='word_1_428' title='bbox 1183 4539 1425 4607; x_wconf 85' lang='lat' dir='ltr'>deberet,</span> <span class='ocrx_word' id='word_1_429' title='bbox 1452 4545 1508 4594; x_wconf 77' lang='lat' dir='ltr'>et</span> <span class='ocrx_word' id='word_1_430' title='bbox 1529 4541 1586 4595; x_wconf 94' lang='lat' dir='ltr'>in</span> <span class='ocrx_word' id='word_1_431' title='bbox 1622 4539 1733 4593; x_wconf 77' lang='lat' dir='ltr'>alio</span> <span class='ocrx_word' id='word_1_432' title='bbox 1754 4539 1825 4594; x_wconf 89' lang='lat' dir='ltr'>de</span> <span class='ocrx_word' id='word_1_433' title='bbox 1858 4538 1973 4594; x_wconf 85' lang='lat' dir='ltr'>suis</span> <span class='ocrx_word' id='word_1_434' title='bbox 2007 4537 2355 4592; x_wconf 78' lang='lat' dir='ltr'>monasteriis</span> <span class='ocrx_word' id='word_1_435' title='bbox 2387 4536 2512 4592; x_wconf 88' lang='lat' dir='ltr'>loco</span> <span class='ocrx_word' id='word_1_436' title='bbox 2543 4537 2709 4606; x_wconf 86' lang='lat' dir='ltr'>depu-</span> 
     </span>
     <span class='ocr_line' id='line_1_39' title="bbox 227 4619 2712 4694; baseline -0.002 -15"><span class='ocrx_word' id='word_1_437' title='bbox 227 4628 373 4679; x_wconf 77' lang='lat' dir='ltr'>taret</span> <span class='ocrx_word' id='word_1_438' title='bbox 404 4622 656 4680; x_wconf 83' lang='lat' dir='ltr'>Rectoris</span> <span class='ocrx_word' id='word_1_439' title='bbox 689 4624 1057 4694; x_wconf 66' lang='lat' dir='ltr'>praesentiam.</span> <span class='ocrx_word' id='word_1_440' title='bbox 1083 4665 1107 4690; x_wconf 80' lang='lat'>,</span> <span class='ocrx_word' id='word_1_441' title='bbox 1147 4653 1212 4664; x_wconf 92' lang='lat'>-—-</span> <span class='ocrx_word' id='word_1_442' title='bbox 1252 4624 1329 4689; x_wconf 73' lang='lat'>(2)</span> <span class='ocrx_word' id='word_1_443' title='bbox 1366 4623 1516 4688; x_wconf 77' lang='lat' dir='ltr'>ibid.¹</span> <span class='ocrx_word' id='word_1_444' title='bbox 1559 4629 1618 4677; x_wconf 77' lang='grc' dir='ltr'>η’·</span> <span class='ocrx_word' id='word_1_445' title='bbox 1651 4621 1735 4677; x_wconf 75' lang='lat'>24.</span> <span class='ocrx_word' id='word_1_446' title='bbox 1780 4623 1801 4648; x_wconf 84' lang='lat'>⁸</span> <span class='ocrx_word' id='word_1_447' title='bbox 1840 4621 2086 4676; x_wconf 85' lang='lat' dir='ltr'>Perrexit</span> <span class='ocrx_word' id='word_1_448' title='bbox 2118 4619 2483 4688; x_wconf 81' lang='lat' dir='ltr'>Quincieco,...</span> <span class='ocrx_word' id='word_1_449' title='bbox 2519 4619 2712 4689; x_wconf 87' lang='lat' dir='ltr'>ibique</span> 
     </span>
     <span class='ocr_line' id='line_1_40' title="bbox 229 4700 2711 4778; baseline -0.001 -18"><span class='ocrx_word' id='word_1_450' title='bbox 229 4711 460 4778; x_wconf 81' lang='lat' dir='ltr'>accepto</span> <span class='ocrx_word' id='word_1_451' title='bbox 485 4705 737 4772; x_wconf 84' lang='lat' dir='ltr'>consilio,</span> <span class='ocrx_word' id='word_1_452' title='bbox 759 4723 932 4760; x_wconf 89' lang='lat' dir='ltr'>unum</span> <span class='ocrx_word' id='word_1_453' title='bbox 977 4706 1048 4761; x_wconf 86' lang='lat' dir='ltr'>de</span> <span class='ocrx_word' id='word_1_454' title='bbox 1079 4704 1361 4774; x_wconf 80' lang='lat' dir='ltr'>discipulis</span> <span class='ocrx_word' id='word_1_455' title='bbox 1382 4705 1498 4760; x_wconf 86' lang='lat' dir='ltr'>suis</span> <span class='ocrx_word' id='word_1_456' title='bbox 1519 4705 1774 4770; x_wconf 83' lang='lat' dir='ltr'>electum,</span> <span class='ocrx_word' id='word_1_457' title='bbox 1798 4703 2093 4759; x_wconf 80' lang='lat' dir='ltr'>Aicedrnm</span> <span class='ocrx_word' id='word_1_458' title='bbox 2118 4700 2361 4768; x_wconf 88' lang='lat' dir='ltr'>nomine,</span> <span class='ocrx_word' id='word_1_459' title='bbox 2385 4702 2563 4758; x_wconf 79' lang='lat' dir='ltr'>virum</span> <span class='ocrx_word' id='word_1_460' title='bbox 2594 4701 2711 4757; x_wconf 89' lang='lat' dir='ltr'>ido·</span> 
     </span>
     <span class='ocr_line' id='line_1_41' title="bbox 227 4784 2709 4857; baseline -0.002 -12"><span class='ocrx_word' id='word_1_461' title='bbox 227 4805 398 4846; x_wconf 88' lang='lat' dir='ltr'>neum</span> <span class='ocrx_word' id='word_1_462' title='bbox 438 4788 641 4843; x_wconf 85' lang='lat' dir='ltr'>direxit</span> <span class='ocrx_word' id='word_1_463' title='bbox 677 4787 1038 4854; x_wconf 83' lang='lat' dir='ltr'>Gemeticum‚</span> <span class='ocrx_word' id='word_1_464' title='bbox 1077 4793 1141 4843; x_wconf 88' lang='lat' dir='ltr'>ut</span> <span class='ocrx_word' id='word_1_465' title='bbox 1185 4789 1305 4857; x_wconf 80' lang='lat' dir='ltr'>ipse</span> <span class='ocrx_word' id='word_1_466' title='bbox 1347 4787 1612 4857; x_wconf 72' lang='lat' dir='ltr'>postorali</span> <span class='ocrx_word' id='word_1_467' title='bbox 1650 4787 1836 4843; x_wconf 81' lang='lat' dir='ltr'>officio</span> <span class='ocrx_word' id='word_1_468' title='bbox 1876 4787 2269 4856; x_wconf 68' lang='lat' dir='ltr'>subrogaretur</span> <span class='ocrx_word' id='word_1_469' title='bbox 2303 4785 2360 4840; x_wconf 90' lang='lat' dir='ltr'>in</span> <span class='ocrx_word' id='word_1_470' title='bbox 2398 4784 2541 4840; x_wconf 91' lang='lat' dir='ltr'>loco.</span> <span class='ocrx_word' id='word_1_471' title='bbox 2568 4825 2591 4852; x_wconf 83' lang='lat'>‚</span> <span class='ocrx_word' id='word_1_472' title='bbox 2645 4813 2709 4824; x_wconf 91' lang='lat'>-</span> 
     </span>
     <span class='ocr_line' id='line_1_42' title="bbox 229 4869 1536 4940; baseline -0.002 -13"><span class='ocrx_word' id='word_1_473' title='bbox 229 4873 306 4939; x_wconf 78' lang='lat'>(3)</span> <span class='ocrx_word' id='word_1_474' title='bbox 333 4873 470 4928; x_wconf 66' lang='lat' dir='ltr'>Aac</span> <span class='ocrx_word' id='word_1_475' title='bbox 488 4872 832 4940; x_wconf 61' lang='lat' dir='ltr'>Suadeam,</span> <span class='ocrx_word' id='word_1_476' title='bbox 845 4871 998 4928; x_wconf 78' lang='lat' dir='ltr'>Junii</span> <span class='ocrx_word' id='word_1_477' title='bbox 1017 4875 1155 4928; x_wconf 84' lang='lat' dir='ltr'>tom.</span> <span class='ocrx_word' id='word_1_478' title='bbox 1175 4869 1242 4936; x_wconf 80' lang='lat' dir='ltr'>V,</span> <span class='ocrx_word' id='word_1_479' title='bbox 1259 4886 1312 4940; x_wconf 91' lang='lat' dir='ltr'>p.</span> <span class='ocrx_word' id='word_1_480' title='bbox 1333 4871 1418 4938; x_wconf 79' lang='lat'>91,</span> <span class='ocrx_word' id='word_1_481' title='bbox 1432 4869 1470 4940; x_wconf 66' lang='grc'>5</span> <span class='ocrx_word' id='word_1_482' title='bbox 1486 4871 1536 4925; x_wconf 71' lang='lat'>2.</span> 
     </span>
    </p>
   </div>
  </div>
 </body>
</html>
