3425 5584
1178 930 1857 998 PASSIO

277 1170 724 1352 SANCTAE
871 1171 1314 1354 IUSTINAE
1451 1171 1895 1354 VIRGINIS
2022 1174 2141 1355 ET
2261 1175 2761 1358 MARTYRIS

1041 1517 1424 1576 PA'rAvn
1494 1519 1604 1578 ΙΝ
1676 1519 2002 1578 rrum

347 2029 430 2083 De
447 2032 640 2083 sancta
653 2027 864 2083 Iustina
881 2028 1089 2098 virgine
1107 2033 1164 2083 et
1177 2032 1436 2098 martyre,
1453 2027 1566 2083 iam
1585 2029 1717 2083 inde
1738 2028 1811 2083 ab
1828 2028 2227 2098 antiquissimis
2242 2027 2588 2098 temporibus
2605 2029 2759 2084 cultu

283 2129 680 2183 Patavinorum
703 2127 906 2182 celebri
929 2128 1022 2194 (1),
1044 2143 1112 2182 ea
1128 2130 1342 2182 tantum
1367 2127 1508 2182 Acta
1528 2127 1743 2182 edenda
1764 2126 1977 2183 invenit
2006 2127 2243 2183 lacobus
2267 2127 2455 2183 Bueus
2468 2131 2659 2183 noster
2680 2128 2757 2196 (Ξ)

281 2243 426 2297 quae
448 2243 485 2281 a
507 2225 822 2281 mombritio
844 2226 1170 2281 iamdudum
1193 2225 1414 2296 vulgata
1437 2226 1673 2293 fuerant,
1707 2224 1903 2281 dolens
1926 2243 1995 2280 ea
2016 2241 2139 2282 esse
2164 2228 2187 2253 ⁸
2216 2227 2495 2282 sublestae
2528 2227 2660 2282 fidei
2696 2231 2755 2282 et

286 2325 596 2380 subditicio..
623 2366 646 2392 ‚
673 2325 942 2392 Quamvis
974 2325 1113 2379 Acta
1134 2324 1300 2394 plane
1323 2325 1537 2380 sincera
1569 2329 1797 2380 sanctae
1830 2325 2074 2380 Iustinae
2094 2341 2323 2396 prorsus
2357 2325 2754 2392 desiderentur,

283 2425 598 2495 antiquiora
619 2428 808 2479 tamen
825 2423 986 2479 editis
1009 2427 1200 2478 extant
1221 2439 1364 2493 quae
1389 2423 1604 2478 Bueum
1627 2424 1857 2490 latuere,
1880 2439 2133 2494 quaeque
2154 2423 2471 2480 invenimus
2492 2425 2551 2479 in
2572 2425 2761 2480 codice

284 2525 356 2578 14
376 2522 633 2579 coenobii
655 2523 997 2578 zwettlensis
1029 2523 1094 2578 Ο.
1117 2522 1248 2578 Cist.
1271 2523 1331 2577 in
1351 2522 1576 2578 Austris
1595 2523 1869 2588 Inferior-i,
1902 2538 1939 2576 a
1960 2522 2031 2578 R.
2050 2523 2113 2577 P.
2134 2523 2277 2578 lulio
2310 2523 2549 2579 Zelenka
2570 2523 2765 2579 biblio-

287 2621 538 2677 thecario
573 2621 736 2676 nohis
767 2621 1004 2690 benigne
1039 2622 1382 2676 transmisso.
1422 2620 1608 2676 Codex
1631 2621 1725 2675 ille
1766 2621 2241 2686 membranaceus,
2283 2621 2498 2676 formae
2534 2620 2764 2676 maioris

281 2721 484 2787 (0-,42
507 2727 561 2780 ><
585 2721 638 2786 0,
657 2720 794 2788 35),
818 2719 1078 2775 foliorum
1101 2721 1216 2786 ml,
1238 2719 1384 2774 binis
1406 2718 1680 2774 columnis
1700 2735 1846 2776 saec.
1870 2719 1998 2775 XIII
2020 2725 2297 2786 exaratus,
2316 2735 2444 2790 pais
2476 2723 2561 2774 est
2575 2720 2764 2790 magni

283 2819 610 2889 Legendarii
631 2819 922 2874 continens
938 2817 1090 2873 Vitas
1123 2822 1444 2874 sanctorum
1466 2817 1723 2874 Octobris
1758 2823 1815 2873 et
1835 2817 2167 2874 Novembris
2190 2817 2285 2887 (3),
2304 2818 2449 2873 inter
2469 2833 2625 2888 quas,
2657 2817 2753 2873 fol.

282 2918 506 2982 sar-23¹⁷,
528 2916 756 2973 brevem
778 2922 1002 2973 sanctae
1015 2917 1260 2972 Iustinae
1282 2917 1604 2972 Passionem
1622 2933 1793 2987 quam
1826 2917 1974 2973 infra
1995 2917 2261 2973 exhihere
2282 2917 2467 2973 visum
2498 2921 2600 2982 est,
2620 2933 2756 2986 quo·

279 3017 454 3081 niam,
487 3015 570 3071 uti
606 3016 692 3071 vel
715 3016 894 3071 obiter
929 3015 1132 3085 legenti
1169 3009 1398 3086 patebit,
1435 3016 1690 3085 scriptori
1726 3017 1823 3087 qui
1856 3017 1996 3072 Acta
2032 3016 2425 3072 Kombritiana
2440 3015 2762 3086 compilavit

281 3118 502 3184 praesto
525 3113 646 3180 ruit,
668 3114 742 3168 ab
760 3115 1070 3184 eodemque
1089 3118 1288 3170 ornata
1309 3119 1366 3169 et
1385 3113 1665 3184 ampliata.

349 3212 506 3268 Licet
519 3212 824 3268 narrationi
847 3211 926 3267 illi
947 3212 1125 3267 multo
1143 3211 1388 3267 breviori
1409 3216 1577 3282 atque
1597 3211 1921 3281 simpliciori
1936 3211 2205 3268 nonnulla
2236 3211 2420 3266 desint
2451 3227 2595 3282 quae
2616 3211 2757 3267 Acta

281 3313 590 3366 recentiora
609 3311 810 3366 merito
834 3310 1070 3365 reddant
1089 3315 1344 3380 suspecta
1365 3311 1460 3378 (4),
1493 3314 1550 3364 et
1583 3309 1859 3379 imprimis
1893 3311 2109 3378 turgida
2128 3309 2224 3365 illa
2256 3309 2527 3380 praelatio
2556 3309 2617 3365 in
2638 3326 2753 3380 qua

282 3409 613 3480 compilator
632 3408 876 3478 passioni
892 3413 1116 3464 sanctae
1137 3408 1394 3476 martyris
1409 3425 1472 3463 se
1491 3406 1807 3463 interfuisse
1832 3408 2114 3475 mentitur,
2135 3407 2370 3464 minime
2397 3413 2589 3464 tamen
2613 3409 2751 3464 acci·

283 3509 487 3577 pienda
525 3511 610 3562 est
640 3507 814 3562 veluti
842 3507 968 3562 fons
1005 3507 1366 3578 primigenius
1403 3506 1702 3562 historicae
1740 3507 2069 3573 traditionis,
2102 3507 2202 3562 sed
2240 3511 2509 3576 tanquam
2548 3507 2757 3562 rivulus

282 3607 470 3663 minus
491 3607 634 3662 forte
649 3606 920 3672 turbidus,
942 3607 1038 3676 qui
1071 3605 1350 3662 undenam
1374 3605 1630 3672 manarit,
1652 3606 1927 3661 incertum
1951 3606 2135 3661 adhuc
2154 3610 2261 3672 est;
2296 3607 2379 3662 ita
2409 3611 2475 3661 ut
2488 3605 2585 3661 vix
2604 3605 2759 3676 quid·

283 3723 447 3776 quam
474 3705 674 3760 exinde
693 3705 917 3760 haurire
939 3705 1105 3760 liceat
1126 3708 1345 3774 praeter
1365 3709 1586 3775 tempus
1608 3708 1665 3759 et
1679 3705 1868 3760 locum
1885 3705 2141 3775 martyrii
2162 3705 2257 3773 (5).

350 3805 601 3874 Quatuor
615 3805 686 3859 ad
704 3820 808 3859 nos
829 3819 1009 3872 usque
1027 3809 1396 3873 pervenerunt
1416 3803 1696 3858 Passionis
1720 3807 1945 3859 sanctae
1975 3803 2225 3860 Iustinae
2242 3805 2593 3860 mensiones
2619 3820 2762 3875 quas

283 3903 376 3958 hic
393 3918 718 3958 enumerare
741 3917 944 3972 operae
965 3902 1202 3971 pretium
1227 3901 1496 3957 ducimus.

349 4001 536 4056 Prima
557 4006 642 4057 est
663 4000 1022 4068 Zwettlensis,
1044 4017 1214 4072 quarn
1235 4000 1433 4070 legesis
1449 4000 1611 4056 iun-a.

349 4099 552 4166 Altera,
591 4116 760 4170 quam
782 4099 1106 4154 vaticanam
1141 4115 1542 4168 nuncupamus,
1579 4103 1837 4155 servatur
1866 4099 1926 4154 in
1964 4098 2157 4155 codice
2198 4099 2464 4158 Vaticano
2502 4100 2637 4156 1190
2666 4101 2759 4166 (6),

283 4198 440 4254 cuius
481 4203 538 4254 et
576 4197 958 4269 apographum
997 4197 1272 4253 habemus
1310 4197 1455 4252 inter
1476 4196 1817 4253 collectanea
1846 4197 2027 4253 musei
2064 4198 2258 4253 nostri.
2303 4197 2535 4269 Incipit:
2571 4200 2643 4253 In
2662 4201 2761 4255 illo

347 4427 422 4494 (1)
437 4427 696 4482 venantii
730 4426 1018 4481 Fortunati
1051 4429 1334 4491 Carmina,
1361 4426 1456 4481 lib.
1483 4427 1625 4492 VIII,
1658 4427 1708 4488 3,
1746 4427 1869 4490 ¹653
1902 4427 2031 4480 Vita
2067 4427 2123 4481 S.
2148 4429 2402 4496 Martini,
2434 4427 2529 4484 lib.
2551 4427 2639 4496 IV,
2658 4429 2763 4484 673

281 4509 553 4575 (Manum.
581 4510 765 4563 Germ.
787 4509 948 4562 Auct.
969 4507 1160 4576 antiq„
1181 4512 1220 4562 t.
1243 4507 1334 4573 IV,
1356 4524 1446 4579 pp.
1467 4509 1565 4563 185
1588 4512 1644 4562 et
1663 4508 1877 4574 369).-
1892 4509 1969 4576 (Ξ)
1987 4510 2129 4563 Acta
2149 4509 2263 4574 SS„
2283 4509 2355 4564 ad
2378 4509 2525 4564 die·
2545 4509 2579 4565 7
2600 4509 2762 4566 Octo·

283 4590 416 4656 bris,
435 4593 570 4645 tom.
589 4589 683 4655 111,
701 4605 754 4659 p.
773 4591 975 4645 8245.
999 4621 1062 4630 —
1092 4591 1166 4656 (3)
1191 4589 1437 4656 Quarum
1466 4590 1799 4659 praecipuae
1822 4593 2217 4646 enumerantur
2239 4590 2297 4646 in
2325 4589 2485 4646 Perta
2521 4593 2762 4661 Archia,

281 4677 418 4727 tom.
442 4671 564 4725 vm
581 4672 772 4738 (1843),
798 4687 850 4740 p.
864 4672 980 4726 724.
997 4701 1062 4711 --
1077 4671 1154 4738 (4)
1178 4674 1318 4726 Acta
1339 4673 1454 4740 SS,
1479 4677 1614 4726 tom.
1629 4673 1738 4737 cit„
1760 4689 1813 4741 p.
1828 4673 1945 4738 790,
1962 4687 2018 4726 n.
2038 4673 2089 4726 Ω.
2110 4699 2181 4712 -
2200 4673 2277 4742 (5)
2299 4671 2464 4742 Quod
2487 4673 2558 4729 de
2577 4689 2762 4730 recen-

285 4753 520 4809 tioribus
541 4753 694 4808 Actis
727 4755 943 4809 notavit
964 4753 1278 4819 Tillemont,
1309 4754 1596 4809 Mennoires
1615 4769 1773 4824 pour
1792 4756 1971 4809 servir
1988 4755 2027 4808 ὰ
2060 4755 2324 4811 tumre
2353 4757 2763 4827 mamque,

283 4838 421 4890 tom.
438 4835 502 4901 V,
530 4839 634 4890 art.
655 4836 738 4901 55,
771 4840 829 4890 et
865 4851 1042 4905 nuper
1069 4835 1274 4901 Allnrd,
1297 4837 1386 4890 La
1401 4837 1744 4905 persecutio„
1765 4838 1831 4890 de
1864 4835 2179 4904 Diocleum,
2206 4840 2343 4894 tom.
2376 4837 2419 4904 1,
2453 4853 2509 4908 p.
2539 4839 2659 4894 416.
2695 4869 2770 4892 -,

290 4916 366 4984 (6)
389 4917 546 4972 Hanc
565 4915 774 4972 indicat
795 4917 994 4984 Bueus,
1031 4919 1148 4972 Act.
1171 4918 1284 4984 SS..
1317 4921 1454 4973 tom.
1486 4918 1594 4983 cit..
1615 4934 1668 4988 p.
1693 4918 1808 4985 790,
1846 4934 1903 4972 n.
1944 4918 1993 4972 2.
