3425 5584
1205 424 1519 479 rrlscorl
1569 424 1937 479 sumnus.
2690 406 2827 481 109

447 628 572 689 24.
613 618 1039 711 Σκοπήσωμεν
1089 618 1363 713 ἀκριβῶς
1411 622 1492 687 τά
1523 644 1591 688 τε
1623 616 1747 702 ἤδη
1780 621 2080 715 γενόμενα
2118 600 2231 687 ’καὶ
2282 624 2361 688 τὰ
2392 622 2499 690 νῦν
2533 622 2829 717 γινόμενα

347 733 449 799 καὶ
483 736 562 799 τὰ
587 734 970 827 γενησόμενα
994 753 1012 772 ·
1043 731 1286 825 ἀκρίδος
1333 733 1436 800 καὶ
1481 733 1753 828 βρούχου
1800 736 2069 802 τοσαῦτα
2122 733 2503 828 στρατόπεδα
2554 738 2666 815 τῆς
2708 738 2827 829 γῆς

343 850 423 914 τὰ
447 849 697 943 ἐκφόρια
733 846 1010 943 σφοδρῶς
1034 846 1494 934 κατηνάλωσεν,
1535 846 1836 942 ἐκλείψεις
1870 851 2091 945 πηγῶν
2126 850 2229 917 καὶ
2256 847 2511 943 ὄμβρων
2564 855 2824 917 ἀναστο-

341 960 478 1047 zac,
519 961 700 1055 λιμοὶ
733 964 836 1031 καὶ
867 961 1106 1057 λοιμοί,
1146 966 1251 1031 καὶ
1277 964 1517 1046 Θνῆσεις
1546 964 1881 1059 ἀνθρώπων
1916 966 2019 1033 καὶ
2053 968 2175 1033 τῶν
2218 967 2483 1048 κτηνῶν,
2543 967 2671 1042 καὶ,
2732 966 2827 1034 ἴνα

274 1102 308 1149 5
345 1076 618 1147 συνελὼν
653 1076 833 1157 εἴπω,
877 1081 1066 1173 μυρία
1093 1077 1226 1161 εἴδη
1263 1082 1583 1175 μαστίγων
1611 1077 1924 1162 Θεηλόιτων
1978 1083 2131 1173 ἡμῖν
2176 1080 2516 1176 ἐπηνέχθη,
2559 1079 2828 1174 καθάπερ

343 1195 474 1270 τοῖς
495 1194 858 1289 Αἰγυπτίοις
893 1194 1068 1277 ποτέ,
1102 1194 1270 1270 ὅπως
1306 1190 1721 1270 δειλιάσαντες
1756 1188 1799 1274 ἢ
1848 1194 2242 1287 ἐντραπέντες
2301 1196 2455 1286 πρὸς
2504 1196 2828 1286 μετάνοιαν

343 1305 678 1398 κλίνωμεν,
719 1308 821 1374 καὶ
871 1311 950 1375 τὰ
982 1310 1214 1375 ἑαυτῶν
1263 1307 1731 1401 θεραπεύσωμεν
1777 1308 2122 1402 τραύματα.
2167 1309 2285 1376 Καὶ
2329 1310 2512 1399 ἡμεῖς
2562 1306 2825 1401 σκληρο-

343 1422 580 1517 κοὶρδιοι
607 1420 774 1501 ὄντες
807 1426 1223 1519 κατανυγῆναι
1250 1420 1363 1491 κᾶν
1395 1426 1550 1517 πρὸς
1577 1424 1793 1517 μικρὸν
1820 1425 1971 1519 γοῦν
2025 1425 2095 1491 οὐ
2131 1422 2413 1515 Θέλομεν,
2448 1420 2587 1491 οὔτε
2628 1428 2712 1500 εἰς
2758 1426 2831 1491 τὸ

345 1534 594 1627 βέλτιον
625 1536 1000 1630 μεταβαλεῖν
1027 1540 1140 1619 τὴν
1166 1540 1359 1618 κακὴν
1387 1538 1708 1619 συνήθειαν
1738 1542 1800 1606 ἐν
1825 1542 1867 1634 ᾗ
1893 1534 2434 1633 προσελήφθημεν.
2456 1535 2641 1605 Ἀλλὰ
2669 1542 2823 1604 κατὰ

243 1674 306 1725 ιο
340 1656 507 1746 τρεῖς
541 1654 801 1745 τρόπους
829 1654 968 1730 τοὺς
1003 1656 1255 1748 χοίρους
1285 1652 1673 1745 μιμούμεθα·
1711 1654 1813 1720 καὶ
1838 1656 1945 1722 νῦν
1982 1656 2094 1745 μἐν
2138 1654 2281 1729 τοὺς
2332 1650 2680 1748 ὀφθαλμοὺς
2718 1657 2826 1733 τῆς

342 1768 596 1861 καρδίας
628 1768 930 1859 μύσαντες
962 1770 1066 1835 καὶ
1098 1770 1204 1837 τὸν
1241 1770 1524 1863 φραγμὸν
1575 1768 1973 1861 διακόψαντες
2020 1771 2141 1836 τῶν
2194 1769 2371 1837 Θείων
2424 1766 2822 1859 ἐνταλμόιτων

341 1884 701 1976 παραβάται
726 1883 1075 1977 κρινόμεθα,
1095 1886 1174 1950 τὰ
1197 1886 1470 1977 παρόντα
1495 1883 1845 1970 ποθοῦντες,
1864 1886 1989 1951 τῶν
2018 1882 2371 1974 μελλόντων
2400 1883 2537 1952 οὐδὲ
2566 1885 2820 1974 μνήμην

340 1996 688 2091 λαμβάνειν
715 1997 1052 2076 ἐθέλοντες·
1071 2002 1178 2067 νῦν
1205 1998 1271 2067 δὲ
1302 2002 1433 2076 τοῖς
1469 2000 1791 2093 βορβόροις
1818 2003 1931 2081 τῆς
1966 1996 2581 2095 φιλοπραγμοσύνης,
2606 1998 2823 2095 φιλαυ-

340 2116 479 2191 τίας
513 2140 581 2181 τε
605 2115 709 2181 καὶ
735 2117 846 2195 τῆς
884 2112 1255 2209 φιλονεικίας
1281 2113 1475 2195 ἡδέως
1504 2112 2048 2209 ἐγκαλινδούμεθα,
2090 2114 2192 2181 διὰ
2214 2116 2442 2191 παντὸς
2479 2114 2543 2181 δὲ
2570 2117 2677 2180 τοῦ
2708 2114 2823 2195 ζῆν

239 2251 304 2299 ιε
343 2233 430 2307 εἰς
457 2230 712 2321 οὐρανὸν
737 2232 850 2310 τῆς
879 2230 1089 2324 ψυχῆς
1114 2230 1184 2297 τὸ
1211 2226 1387 2321 ὄμμα
1415 2232 1504 2322 μὴ
1535 2226 1901 2322 βουλόμενοι
1920 2227 2088 2323 ἆραι,
2108 2230 2266 2321 μήτε
2284 2255 2345 2296 τι
2370 2231 2494 2297 τῶν
2523 2231 2819 2321 οὐρανίων

347 2346 704 2436 μυστηρίων
749 2340 1118 2439 λογίσασθαι
1176 2346 1566 2440 ἀνεχόμενοι,
1618 2342 1783 2411 ἀλλὰ
1829 2347 1958 2423 τοῖς
2011 2342 2252 2439 γηΐνοις
2304 2341 2827 2439 ἐνασχολούμενοι

430 2641 548 2701 24.
593 2634 1098 2702 Consideremus
1148 2636 1382 2701 sedulo
1434 2656 1604 2719 quae
1661 2636 1803 2719 jam
1866 2635 2039 2701 facta
2094 2638 2273 2714 sunt,
2320 2654 2499 2701 nunc
2546 2634 2712 2700 fiunt
2768 2640 2833 2700 et

347 2736 632 2800 ventura
651 2738 822 2800 sunt.
846 2735 1276 2801 Locustarum
1300 2739 1365 2800 et
1385 2735 1739 2819 gryllorum
1766 2734 1859 2818 (1)
1882 2737 2071 2799 tanta
2091 2735 2359 2815 agmina
2379 2737 2593 2799 terrae
2616 2733 2833 2816 fruges

343 2832 770 2899 vehementer
799 2833 1226 2917 diripuerunt,
1258 2834 1534 2899 fontium
1559 2832 2024 2899 exhaustiones
2048 2835 2117 2898 et
2142 2833 2453 2898 imbrium
2476 2832 2828 2911 eluvioneS,

345 2932 554 2998 fames
597 2935 664 2997 et
699 2936 940 3015 pesteS,
989 2932 1356 2999 mortalitas
1399 2932 1739 2997 hominum
1786 2935 1853 2997 et
1886 2931 2359 3014 jumentorum,
2409 2934 2474 2996 et
2516 2935 2591 2995 ut
2648 2950 2828 2995 sum-

342 3030 578 3097 matim
613 3029 848 3109 dicam,
877 3034 1227 3097 sexcentae
1259 3032 1512 3114 species
1541 3031 1883 3114 plagarum
1904 3050 1947 3095 a
1974 3029 2117 3096 Deo
2147 3029 2590 3095 immissarum
2620 3028 2687 3093 in
2710 3048 2831 3094 nos

343 3130 732 3208 inciderunt,
761 3129 929 3197 sicut
955 3130 1292 3213 Aegyptiis
1338 3130 1515 3210 olim,
1541 3132 1614 3194 ut
1645 3129 1947 3195 timentes
1992 3128 2099 3193 vel
2139 3126 2433 3194 conversi
2478 3127 2565 3193 ad
2608 3127 2831 3211 paeni-

340 3230 622 3296 tentiam
651 3228 1050 3294 declinemus
1086 3234 1152 3295 et
1193 3232 1420 3295 nostra
1451 3248 1755 3295 curemus
1784 3227 2075 3293 vulnera.
2097 3226 2231 3292 Sed
2271 3246 2395 3294 nos
2432 3226 2600 3292 duro
2630 3226 2827 3293 corde

342 3327 592 3393 conteri
617 3327 723 3392 vel
744 3327 1015 3392 minime
1035 3326 1362 3406 nolumuS,
1391 3346 1515 3392 nec
1555 3327 1626 3391 in
1667 3325 1899 3390 melius
1940 3328 2199 3390 mutare
2228 3343 2504 3408 pravam
2544 3343 2823 3390 consue·

340 3425 642 3491 tudinem
669 3426 738 3491 in
782 3443 914 3509 qua
943 3425 1314 3491 detinemur
1344 3448 1362 3503 ς
1403 3426 1607 3490 immo
1652 3424 1886 3508 triplici
1926 3422 2127 3489 modo
2180 3442 2417 3505 porcos
2466 3424 2826 3502 imitamur,

340 3542 519 3591 nunc
542 3523 808 3608 quidem
838 3526 1058 3590 oculos
1079 3524 1296 3589 cordis
1325 3523 1725 3599 claudenteS,
1756 3526 1821 3587 et
1849 3518 2134 3588 claustra
2160 3525 2543 3607 rumpentes
2572 3522 2827 3588 divino-

341 3642 490 3689 rum
526 3622 992 3688 mandatorum
1022 3626 1536 3705 transgressores
1565 3621 1997 3704 agnoscimur,
2021 3621 2395 3703 praesentia
2424 3620 2828 3699 anhelantes,

343 3723 713 3787 futurorum
749 3741 835 3786 ne
864 3722 1246 3787 memoriam
1271 3722 1542 3805 quidem
1571 3721 1903 3803 suscipere
1926 3719 2223 3785 volentes
2247 3742 2263 3796 ς
2306 3738 2484 3785 nunc
2510 3722 2735 3785 autem
2752 3721 2821 3785 in

340 3821 594 3905 gurgite
639 3820 1067 3903 negotiorum,
1097 3822 1337 3886 amoris
1367 3820 1612 3904 proprii
1655 3823 1717 3885 et
1748 3817 2031 3884 invidiae
2060 3817 2337 3884 libenter
2380 3817 2829 3884 convolvimur

341 3921 410 3986 in
437 3924 580 3985 tota
609 3920 764 3996 vita,
796 3920 882 3985 ad
910 3919 1167 3985 caelum
1223 3921 1486 3986 animae
1533 3919 1797 3985 oculum
1850 3917 2291 3984 detrectantes
2340 3916 2660 3994 attollere,
2704 3936 2829 3983 nec

342 4016 698 4101 quicquam
721 4016 1099 4089 caelestium
1120 4017 1582 4101 mysteriorum
1603 4015 1909 4081 meditari
1939 4014 2239 4094 ferenteS,
2268 4014 2386 4080 sed
2408 4014 2825 4080 terrestribus

337 4194 638 4251 Antiochia
653 4195 803 4265 prius
825 4194 1083 4252 incendio
1107 4201 1436 4267 consumpta
1453 4200 1554 4265 est,
1582 4195 1710 4251 dein
1745 4200 1926 4251 terrae
1946 4199 2105 4251 motu
2130 4211 2309 4266 paene
2331 4200 2451 4251 tota
2474 4194 2695 4251 corruit.
2720 4196 2829 4252 Cfr.

337 4276 700 4347 Theophanis
739 4277 1156 4347 chronogr-aph„
1198 4280 1256 4333 P.
1293 4280 1376 4347 6.,
1407 4282 1546 4333 tom.
1578 4278 1766 4343 CVIII,
1800 4294 1853 4348 p.
1894 4276 2132 4333 398-402.
2188 4278 2324 4334 Inde
2362 4278 2531 4334 etiam
2572 4278 2824 4333 innuitur

337 4362 528 4417 forsan
553 4376 665 4415 non
681 4360 788 4415 nisi
811 4364 936 4430 post
958 4375 1165 4415 annum
1188 4361 1290 4415 526
1311 4361 1566 4417 habitam
1589 4360 1760 4415 tuisse
1778 4359 1925 4415 hanc
1948 4360 2275 4416 orationem.
2294 4391 2361 4401 -
2383 4360 2459 4426 (1)
2483 4358 2575 4415 Gr.
2609 4353 2825 4433 ἀκρίδας

337 4442 429 4495 καὶ
459 4438 718 4519 βρούχου.
757 4442 866 4518 Cl'r.
905 4442 1090 4497 Vitam
1128 4444 1180 4498 S.
1215 4444 1396 4499 Sabae
1433 4445 1540 4512 (ed.
1576 4444 1765 4507 Cotel..
1788 4460 1871 4513 op.
1912 4446 2015 4508 eit..
2056 4458 2111 4513 p.
2142 4442 2281 4509 321),
2318 4443 2371 4497 S.
2396 4442 2695 4499 Theodosii
2718 4444 2825 4509 (ed.

335 4526 565 4591 Usener,
599 4544 682 4595 op.
707 4528 810 4591 cit„
835 4541 903 4596 ,μ
939 4526 1022 4593 80,
1045 4524 1082 4581 1.
1119 4528 1164 4591 1,
1195 4528 1242 4595 6,
1276 4528 1358 4593 24,
1391 4529 1488 4584 ubi
1528 4528 1725 4583 eadem
1763 4526 2104 4597 comparatio
2142 4525 2485 4581 exercituum
2546 4526 2821 4593 occurrit).

336 4608 649 4664 Discrimen
689 4610 834 4664 inter
867 4603 1022 4679 ἀκρίς
1055 4611 1111 4663 ει
1145 4604 1384 4686 βροῦχος
1417 4628 1518 4666 seu
1553 4604 1786 4683 βροΰκος
1810 4610 1997 4667 nitide.
2020 4610 2275 4681 exposuit
2308 4609 2375 4664 cl.
2404 4608 2489 4663 vir
2523 4607 2735 4665 Usener
2766 4610 2824 4664 in

337 4706 420 4759 ορ.
443 4693 550 4755 eit„
583 4706 637 4759 p.
657 4690 768 4756 1⁷4,
795 4690 906 4745 1⁷5.
930 4684 1112 4765 Ἀκρίς
1135 4696 1220 4746 εει
1243 4692 1458 4747 locusta
1473 4692 1717 4763 perfecte
1740 4692 1945 4758 adulta,
1960 4687 2199 4766 βροΰχος
2238 4697 2324 4748 εει
2348 4692 2542 4747 eadem
2579 4692 2635 4747 in
2660 4694 2825 4749 tertia

337 4774 426 4828 vel
448 4779 649 4842 quarta
680 4772 869 4828 larvae
891 4774 1088 4840 forma,
1124 4790 1238 4829 non
1260 4779 1448 4830 tamen
1470 4774 1674 4844 mitior,
1707 4774 1882 4830 immo
1911 4775 2214 4831 voracitate
2235 4774 2431 4832 nociva
2454 4775 2649 4846 magis.
